name,time,exchange,expubt,price,side,size
trade,1577216342885974357,gemini,0,28.16,buy,5
trade,1577220462923681554,gemini,0,28.07,sell,1
trade,1577221917856924086,gemini,0,28.11,sell,0.15
trade,1577222095303271518,gemini,0,28.13,sell,7.011617
trade,1577222096752107055,gemini,0,28.11,buy,1.491048
trade,1577222606188298431,gemini,0,28.19,buy,0.070596
trade,1577228982422680295,gemini,0,28.17,buy,0.070621
trade,1577230114682625988,gemini,0,28.03,buy,34.711064
trade,1577230877758569950,gemini,0,28.07,buy,0.070871
trade,1577235785050594374,gemini,0,27.83,buy,0.071505
trade,1577235877749163524,gemini,0,27.82,buy,0.07153
trade,1577240361424681628,gemini,0,27.95,buy,1.20758
trade,1577241386797864966,gemini,0,27.94,buy,0.071225
trade,1577241528834627650,gemini,0,27.94,buy,0.071225
trade,1577242053955914045,gemini,0,27.93,buy,5
trade,1577242383179023307,gemini,0,27.94,buy,5
trade,1577243805550559440,gemini,0,28,buy,0.142501
trade,1577243896495165559,gemini,0,28,buy,6.035714
trade,1577243898733412084,gemini,0,28,buy,0.825714
trade,1577243928340525291,gemini,0,27.98,buy,1.35
trade,1577243963294699842,gemini,0,27.98,buy,0.071123
trade,1577244996067087953,gemini,0,27.99,buy,5.45
trade,1577245817557511138,gemini,0,27.93,sell,2.0278
trade,1577248002919510947,gemini,0,27.76,sell,0.62
trade,1577248002921304818,gemini,0,27.7,sell,7.990692
trade,1577248002922937413,gemini,0,27.7,sell,7.990692
trade,1577248002939600730,gemini,0,27.7,sell,7.990692
trade,1577249417234601714,gemini,0,27.85,buy,0.071556
trade,1577249686253918137,gemini,0,27.88,buy,0.071377
trade,1577250327101728501,gemini,0,27.87,buy,0.143163
trade,1577250473050008410,gemini,0,27.87,buy,0.071403
trade,1577250532504672745,gemini,0,27.88,buy,17.491122
trade,1577251349386344925,gemini,0,27.95,buy,0.926282
trade,1577252681924929676,gemini,0,27.94,buy,0.071225
trade,1577253738507665342,gemini,0,27.92,buy,0.071275
trade,1577253738515909624,gemini,0,27.92,buy,0.071275
trade,1577254874753658595,gemini,0,27.9,buy,0.071326
trade,1577254985757390569,gemini,0,27.94,buy,0.07125
trade,1577256166746738854,gemini,0,27.88,buy,0.892576
trade,1577262874702631459,gemini,0,27.85,buy,18.345486
trade,1577263312170376440,gemini,0,27.83,buy,0.071479
trade,1577267389726168385,gemini,0,27.83,buy,0.071505
trade,1577268437399973741,gemini,0,27.81,buy,0.841144
trade,1577268869440204851,gemini,0,27.72,buy,4.099
trade,1577268869758448376,gemini,0,27.72,buy,3.934
trade,1577268869784697785,gemini,0,27.72,buy,3.934
trade,1577272628211837405,gemini,0,27.65,buy,0.071968
trade,1577272743155237797,gemini,0,27.64,buy,0.071968
trade,1577272951922616567,gemini,0,27.61,buy,0.361794
trade,1577273143603770156,gemini,0,27.62,buy,0.181028
trade,1577273529186356073,gemini,0,27.63,buy,3.493338
trade,1577275033257518325,gemini,0,27.45,buy,0.07249
trade,1577275385260385209,gemini,0,27.4,sell,1
trade,1577275444985955489,gemini,0,27.37,sell,0.289392
trade,1577275508197761630,gemini,0,27.63,buy,14.96
trade,1577275508199608954,gemini,0,27.63,buy,14.96
trade,1577275508201381363,gemini,0,27.63,buy,14.96
trade,1577275508203581651,gemini,0,27.63,buy,14.96
trade,1577275508215100169,gemini,0,27.63,buy,14.96
trade,1577275508226676253,gemini,0,27.63,buy,14.96
trade,1577275508250570460,gemini,0,27.63,buy,14.96
trade,1577275508326738619,gemini,0,27.83,buy,4.149
trade,1577275509139206904,gemini,0,27.93,buy,14.96
trade,1577275509202581742,gemini,0,27.65,buy,3.723
trade,1577275509226574440,gemini,0,27.65,buy,3.723
trade,1577275509254570924,gemini,0,27.65,buy,3.723
trade,1577275509353795020,gemini,0,27.65,buy,14.96
trade,1577275509367080265,gemini,0,27.94,buy,4.801788
trade,1577275509371423921,gemini,0,27.94,buy,4.801788
trade,1577275509407249365,gemini,0,27.94,buy,84.785098
trade,1577275509428654813,gemini,0,27.94,buy,84.785098
trade,1577275509448772860,gemini,0,27.64,buy,272.405
trade,1577275509726039582,gemini,0,27.65,buy,494.85
trade,1577275509794599789,gemini,0,27.93,buy,4.80179
trade,1577275509890852605,gemini,0,27.93,buy,14.959998
trade,1577275509908759359,gemini,0,27.93,buy,14.959998
trade,1577275510160787718,gemini,0,27.93,buy,4.80179
trade,1577275510436704895,gemini,0,27.92,buy,14.96
trade,1577275510544664137,gemini,0,27.93,buy,4.801788
trade,1577275510565057978,gemini,0,27.93,buy,4.801788
trade,1577275510645769420,gemini,0,27.92,buy,49.26
trade,1577275510865004101,gemini,0,27.93,buy,147.290108
trade,1577275510898347237,gemini,0,27.93,buy,147.290108
trade,1577275510919465418,gemini,0,27.92,buy,4.80179
trade,1577275510951967135,gemini,0,27.91,buy,9.88853
trade,1577275511055623174,gemini,0,27.92,buy,0.000002
trade,1577275511076150311,gemini,0,27.92,buy,14.959998
trade,1577275511299384974,gemini,0,27.91,buy,4.80179
trade,1577275511388951886,gemini,0,27.91,buy,0.000002
trade,1577275511390853007,gemini,0,27.92,buy,83.595976
trade,1577275511408999700,gemini,0,27.92,buy,83.595976
trade,1577275511434755178,gemini,0,27.92,buy,49.26
trade,1577275511436672374,gemini,0,27.92,buy,49.26
trade,1577275511455501753,gemini,0,27.92,buy,49.26
trade,1577275511813877379,gemini,0,27.93,buy,4.80179
trade,1577275511820982218,gemini,0,27.9,buy,49.26
trade,1577275511869001761,gemini,0,27.9,buy,49.26
trade,1577275533010583695,gemini,0,27.37,sell,0.28939
trade,1577275637718260284,gemini,0,27.44,sell,49.27
trade,1577275637934318539,gemini,0,27.43,sell,49.27
trade,1577275661154547299,gemini,0,27.58,buy,0.072072
trade,1577276123509217209,gemini,0,27.67,sell,2.799
trade,1577276199017572443,gemini,0,27.87,buy,0.071403
trade,1577277789855557815,gemini,0,27.65,buy,49.27
trade,1577279051744275798,gemini,0,27.52,buy,1.010849
trade,1577279497682958914,gemini,0,27.38,sell,49.27
trade,1577282898188310785,gemini,0,27.46,buy,8.922826
trade,1577283624132481291,gemini,0,27.48,buy,0.072411
trade,1577283970214952369,gemini,0,27.4,sell,8.09286
trade,1577283970221222024,gemini,0,27.4,sell,8.09286
trade,1577283970223164238,gemini,0,27.4,sell,8.09286
trade,1577283970235050078,gemini,0,27.4,sell,8.09286
trade,1577284854184522290,gemini,0,27.47,buy,1.087318
trade,1577286678164694535,gemini,0,27.38,buy,0.327398
trade,1577289088908838579,gemini,0,27.42,buy,0.326923
trade,1577289104202572821,gemini,0,27.42,buy,0.321117
