topBid,topAsk,bidVol,askVol
2018-11-07T03:48:53.0000000,6509.83,6509.84,8.09351076,14.41286132
2018-11-07T03:48:53.0000000,6509.83,6509.84,5.59351076,14.41286132
2018-11-07T03:48:54.0000000,6509.83,6509.84,5.37651076,14.41286132
2018-11-07T03:48:54.0000000,6509.83,6509.84,5.37651076,14.41286132
2018-11-07T03:48:55.0000000,6509.83,6509.84,5.37651076,13.41286132
2018-11-07T03:48:55.0000000,6509.83,6509.84,5.37651076,14.41286132
2018-11-07T03:49:00.0000000,6509.83,6509.84,7.87651076,14.41286132
2018-11-07T03:49:00.0000000,6509.83,6509.84,7.87651076,13.41286132
2018-11-07T03:49:00.0000000,6509.83,6509.84,8.87651076,13.41286132
2018-11-07T03:49:00.0000000,6509.83,6509.84,8.87651076,13.3834638
2018-11-07T03:49:00.0000000,6509.83,6509.84,8.87651076,13.3834638
2018-11-07T03:49:00.0000000,6509.83,6509.84,8.87651076,11.59222688
2018-11-07T03:49:01.0000000,6509.83,6509.84,8.87651076,9.60622688
2018-11-07T03:49:01.0000000,6509.83,6509.84,16.37651076,9.60622688
2018-11-07T03:49:01.0000000,6509.83,6509.84,16.37651076,9.60112388
2018-11-07T03:49:02.0000000,6509.83,6509.84,16.37651076,8.60112388
2018-11-07T03:49:03.0000000,6509.83,6509.84,16.37651076,9.60112388
2018-11-07T03:49:03.0000000,6509.83,6509.84,16.37651076,9.59951743
2018-11-07T03:49:03.0000000,6509.83,6509.84,16.37651076,9.59951743
2018-11-07T03:49:05.0000000,6509.83,6509.84,16.37651076,9.59684104
2018-11-07T03:49:05.0000000,6509.83,6509.84,16.37651076,9.59684104
2018-11-07T03:49:05.0000000,6509.83,6509.84,16.37651076,8.59684104
2018-11-07T03:49:07.0000000,6509.83,6509.84,16.37651076,9.59684104
2018-11-07T03:49:07.0000000,6509.83,6509.84,16.37651076,8.59684104
2018-11-07T03:49:07.0000000,6509.83,6509.84,16.37651076,8.57260574
2018-11-07T03:49:07.0000000,6509.83,6509.84,16.37651076,8.53556574
2018-11-07T03:49:07.0000000,6509.83,6509.84,16.37651076,8.53556574
2018-11-07T03:49:07.0000000,6509.83,6509.84,16.37651076,8.52334801
2018-11-07T03:49:07.0000000,6509.83,6509.84,16.37651076,8.52334801
2018-11-07T03:49:07.0000000,6509.83,6509.84,16.37651076,8.51915975
2018-11-07T03:49:07.0000000,6509.83,6509.84,16.37651076,8.51915975
2018-11-07T03:49:08.0000000,6509.83,6509.84,16.86651076,8.51915975
2018-11-07T03:49:09.0000000,6509.83,6509.84,16.73528285,8.51915975
2018-11-07T03:49:09.0000000,6509.83,6509.84,16.73528285,8.51915975
2018-11-07T03:49:09.0000000,6509.83,6509.84,16.24528285,8.51915975
2018-11-07T03:49:09.0000000,6509.83,6509.84,16.23221117,8.51915975
2018-11-07T03:49:09.0000000,6509.83,6509.84,16.23221117,8.51915975
2018-11-07T03:49:10.0000000,6509.83,6509.84,16.23221117,8.51304425
2018-11-07T03:49:10.0000000,6509.83,6509.84,16.23221117,8.51304425
2018-11-07T03:49:10.0000000,6509.83,6509.84,16.23221117,8.55008425
2018-11-07T03:49:11.0000000,6509.83,6509.84,16.23221117,8.53466825
2018-11-07T03:49:11.0000000,6509.83,6509.84,16.23221117,8.53466825
2018-11-07T03:49:12.0000000,6509.83,6509.84,15.23221117,8.53466825
2018-11-07T03:49:12.0000000,6509.83,6509.84,15.23221117,9.53466825
2018-11-07T03:49:12.0000000,6509.83,6509.84,7.73221117,9.53466825
2018-11-07T03:49:12.0000000,6509.83,6509.84,7.73221117,11.52066825
2018-11-07T03:49:13.0000000,6509.83,6509.84,7.73221117,12.52066825
2018-11-07T03:49:13.0000000,6509.83,6509.84,7.73221117,11.52066825
2018-11-07T03:49:13.0000000,6509.83,6509.84,8.73221117,11.52066825
2018-11-07T03:49:13.0000000,6509.83,6509.84,8.73221117,9.53466825
2018-11-07T03:49:13.0000000,6509.83,6509.84,16.23221117,9.53466825
2018-11-07T03:49:14.0000000,6509.83,6509.84,16.23221117,8.53466825
2018-11-07T03:49:14.0000000,6509.83,6509.84,16.23221117,8.47563147
2018-11-07T03:49:14.0000000,6509.83,6509.84,16.23221117,8.47563147
2018-11-07T03:49:14.0000000,6509.83,6509.84,18.23221117,8.47563147
2018-11-07T03:49:15.0000000,6509.83,6509.84,18.73221117,8.47563147
2018-11-07T03:49:15.0000000,6509.83,6509.84,19.22221117,8.47563147
2018-11-07T03:49:15.0000000,6509.83,6509.84,18.73221117,8.47563147
2018-11-07T03:49:16.0000000,6509.83,6509.84,11.23221117,8.47563147
2018-11-07T03:49:16.0000000,6509.83,6509.84,11.23221117,10.46163147
2018-11-07T03:49:16.0000000,6509.83,6509.84,11.23221117,8.47563147
2018-11-07T03:49:16.0000000,6509.83,6509.84,10.23221117,8.47563147
2018-11-07T03:49:16.0000000,6509.83,6509.84,10.23221117,10.46163147
2018-11-07T03:49:16.0000000,6509.83,6509.84,11.23221117,10.46163147
2018-11-07T03:49:16.0000000,6509.83,6509.84,11.23221117,8.47563147
2018-11-07T03:49:16.0000000,6509.83,6509.84,10.23221117,8.47563147
2018-11-07T03:49:16.0000000,6509.83,6509.84,17.73221117,8.47563147
2018-11-07T03:49:16.0000000,6509.83,6509.84,18.73221117,8.47563147
2018-11-07T03:49:18.0000000,6509.83,6509.84,19.08356464,8.47563147
2018-11-07T03:49:19.0000000,6509.83,6509.84,19.57356464,8.47563147
2018-11-07T03:49:20.0000000,6509.83,6509.84,18.73581983,8.47563147
2018-11-07T03:49:20.0000000,6509.83,6509.84,18.24581983,8.47563147
2018-11-07T03:49:20.0000000,6509.83,6509.84,18.73581983,8.47563147
2018-11-07T03:49:21.0000000,6509.83,6509.84,18.24581983,8.47563147
2018-11-07T03:49:21.0000000,6509.83,6509.84,18.73581983,8.47563147
2018-11-07T03:49:22.0000000,6509.83,6509.84,17.73581983,8.47563147
2018-11-07T03:49:22.0000000,6509.83,6509.84,17.73581983,9.47563147
2018-11-07T03:49:22.0000000,6509.83,6509.84,10.23581983,9.47563147
2018-11-07T03:49:22.0000000,6509.83,6509.84,10.23581983,11.46163147
2018-11-07T03:49:22.0000000,6509.83,6509.84,10.23581983,9.47563147
2018-11-07T03:49:22.0000000,6509.83,6509.84,17.73581983,9.47563147
2018-11-07T03:49:22.0000000,6509.83,6509.84,17.73581983,8.47563147
2018-11-07T03:49:22.0000000,6509.83,6509.84,10.23581983,8.47563147
2018-11-07T03:49:22.0000000,6509.83,6509.84,17.73581983,8.47563147
2018-11-07T03:49:22.0000000,6509.83,6509.84,10.23581983,8.47563147
2018-11-07T03:49:22.0000000,6509.83,6509.84,10.23581983,9.47563147
2018-11-07T03:49:22.0000000,6509.83,6509.84,10.23581983,11.46163147
2018-11-07T03:49:22.0000000,6509.83,6509.84,10.23581983,10.46163147
2018-11-07T03:49:22.0000000,6509.83,6509.84,10.23581983,8.47563147
2018-11-07T03:49:22.0000000,6509.83,6509.84,17.73581983,8.47563147
2018-11-07T03:49:22.0000000,6509.83,6509.84,17.73581983,9.47563147
2018-11-07T03:49:22.0000000,6509.83,6509.84,17.73581983,10.47563147
2018-11-07T03:49:22.0000000,6509.83,6509.84,17.73581983,9.47563147
2018-11-07T03:49:22.0000000,6509.83,6509.84,18.73581983,9.47563147
2018-11-07T03:49:22.0000000,6509.83,6509.84,11.23581983,9.47563147
2018-11-07T03:49:22.0000000,6509.83,6509.84,11.23581983,8.47563147
2018-11-07T03:49:22.0000000,6509.83,6509.84,11.23581983,10.46163147
2018-11-07T03:49:22.0000000,6509.83,6509.84,11.23581983,8.47563147
2018-11-07T03:49:22.0000000,6509.83,6509.84,10.23581983,8.47563147
2018-11-07T03:49:22.0000000,6509.83,6509.84,10.23581983,9.47563147
2018-11-07T03:49:22.0000000,6509.83,6509.84,17.73581983,9.47563147
2018-11-07T03:49:22.0000000,6509.83,6509.84,10.23581983,9.47563147
2018-11-07T03:49:22.0000000,6509.83,6509.84,10.23581983,8.47563147
2018-11-07T03:49:22.0000000,6509.83,6509.84,10.23581983,10.46163147
2018-11-07T03:49:22.0000000,6509.83,6509.84,10.23581983,11.46163147
2018-11-07T03:49:22.0000000,6509.83,6509.84,17.73581983,11.46163147
2018-11-07T03:49:22.0000000,6509.83,6509.84,10.23581983,11.46163147
2018-11-07T03:49:22.0000000,6509.83,6509.84,10.23581983,9.47563147
2018-11-07T03:49:22.0000000,6509.83,6509.84,17.73581983,9.47563147
2018-11-07T03:49:22.0000000,6509.83,6509.84,17.73581983,8.47563147
2018-11-07T03:49:22.0000000,6509.83,6509.84,18.73581983,8.47563147
2018-11-07T03:49:22.0000000,6509.83,6509.84,18.24581983,8.47563147
2018-11-07T03:49:23.0000000,6509.83,6509.84,10.74581983,8.47563147
2018-11-07T03:49:23.0000000,6509.83,6509.84,10.74581983,10.46163147
2018-11-07T03:49:23.0000000,6509.83,6509.84,9.74581983,10.46163147
2018-11-07T03:49:23.0000000,6509.83,6509.84,9.74581983,8.47563147
2018-11-07T03:49:23.0000000,6509.83,6509.84,17.24581983,8.47563147
2018-11-07T03:49:23.0000000,6509.83,6509.84,17.24581983,9.47563147
2018-11-07T03:49:23.0000000,6509.83,6509.84,17.24581983,8.47563147
2018-11-07T03:49:23.0000000,6509.83,6509.84,18.24581983,8.47563147
2018-11-07T03:49:23.0000000,6509.83,6509.84,10.74581983,8.47563147
2018-11-07T03:49:23.0000000,6509.83,6509.84,10.74581983,10.46163147
2018-11-07T03:49:23.0000000,6509.83,6509.84,9.74581983,10.46163147
2018-11-07T03:49:23.0000000,6509.83,6509.84,9.74581983,8.47563147
2018-11-07T03:49:23.0000000,6509.83,6509.84,9.74581983,9.47563147
2018-11-07T03:49:23.0000000,6509.83,6509.84,17.24581983,9.47563147
2018-11-07T03:49:23.0000000,6509.83,6509.84,17.24581983,8.47563147
2018-11-07T03:49:23.0000000,6509.83,6509.84,18.24581983,8.47563147
2018-11-07T03:49:23.0000000,6509.83,6509.84,10.74581983,8.47563147
2018-11-07T03:49:23.0000000,6509.83,6509.84,10.74581983,10.46163147
2018-11-07T03:49:23.0000000,6509.83,6509.84,9.74581983,10.46163147
2018-11-07T03:49:23.0000000,6509.83,6509.84,9.74581983,11.46163147
2018-11-07T03:49:23.0000000,6509.83,6509.84,7.24581983,11.46163147
2018-11-07T03:49:23.0000000,6509.83,6509.84,7.24581983,15.06344522
2018-11-07T03:49:26.0000000,6509.83,6509.84,6.89446636,15.06344522
2018-11-07T03:49:29.0000000,6509.83,6509.84,6.89446636,17.56344522
2018-11-07T03:49:30.0000000,6509.83,6509.84,6.89076636,17.56344522
2018-11-07T03:49:30.0000000,6509.83,6509.84,6.89076636,17.56344522
2018-11-07T03:49:31.0000000,6509.83,6509.84,6.89076636,15.06344522
2018-11-07T03:49:31.0000000,6509.83,6509.84,6.89076636,15.04507273
2018-11-07T03:49:31.0000000,6509.83,6509.84,6.89076636,15.04507273
2018-11-07T03:49:32.0000000,6509.83,6509.84,6.87446636,15.04507273
2018-11-07T03:49:32.0000000,6509.83,6509.84,6.87446636,15.04507273
2018-11-07T03:49:32.0000000,6509.83,6509.84,6.75232617,15.04507273
2018-11-07T03:49:32.0000000,6509.83,6509.84,6.75232617,15.04507273
2018-11-07T03:49:32.0000000,6509.83,6509.84,4.75232617,15.04507273
2018-11-07T03:49:32.0000000,6509.83,6509.84,4.80232617,15.04507273
2018-11-07T03:49:32.0000000,6509.83,6509.84,4.15857617,15.04507273
2018-11-07T03:49:32.0000000,6509.83,6509.84,4.15857617,15.04507273
2018-11-07T03:49:33.0000000,6509.83,6509.84,4.15857617,16.04507273
2018-11-07T03:49:33.0000000,6509.83,6509.84,4.15857617,18.54507273
2018-11-07T03:49:33.0000000,6509.83,6509.84,4.15857617,18.50759101
2018-11-07T03:49:33.0000000,6509.83,6509.84,4.15857617,18.50759101
2018-11-07T03:49:33.0000000,6509.83,6509.84,4.15857617,16.00759101
2018-11-07T03:49:34.0000000,6509.83,6509.84,4.64857617,16.00759101
2018-11-07T03:49:34.0000000,6509.83,6509.84,4.15857617,16.00759101
2018-11-07T03:49:35.0000000,6509.83,6509.84,4.10829739,16.00759101
2018-11-07T03:49:35.0000000,6509.83,6509.84,4.10829739,16.00759101
2018-11-07T03:49:36.0000000,6509.83,6509.84,4.59829739,16.00759101
2018-11-07T03:49:36.0000000,6509.83,6509.84,4.10829739,16.00759101
2018-11-07T03:49:37.0000000,6509.83,6509.84,4.59829739,16.00759101
2018-11-07T03:49:37.0000000,6509.83,6509.84,4.10829739,16.00759101
2018-11-07T03:49:41.0000000,6509.83,6509.84,4.10829739,15.98282789
2018-11-07T03:49:41.0000000,6509.83,6509.84,4.10829739,15.98282789
2018-11-07T03:49:42.0000000,6509.83,6509.84,4.10829739,15.95931049
2018-11-07T03:49:42.0000000,6509.83,6509.84,4.10829739,15.95931049
2018-11-07T03:49:42.0000000,6509.83,6509.84,4.10829739,15.95533488
2018-11-07T03:49:42.0000000,6509.83,6509.84,4.10829739,15.95533488
2018-11-07T03:49:43.0000000,6509.83,6509.84,4.10829739,15.94478675
2018-11-07T03:49:43.0000000,6509.83,6509.84,4.10829739,15.94478675
2018-11-07T03:49:44.0000000,6509.83,6509.84,4.10829739,15.93393292
2018-11-07T03:49:44.0000000,6509.83,6509.84,4.10829739,15.93393292
2018-11-07T03:49:45.0000000,6509.83,6509.84,4.10829739,14.93393292
2018-11-07T03:49:45.0000000,6509.83,6509.84,4.10829739,14.91923493
2018-11-07T03:49:45.0000000,6509.83,6509.84,4.10829739,14.91923493
2018-11-07T03:49:45.0000000,6509.83,6509.84,4.10829739,14.91189663
2018-11-07T03:49:45.0000000,6509.83,6509.84,4.10829739,14.91189663
2018-11-07T03:49:45.0000000,6509.83,6509.84,4.10829739,15.91189663
2018-11-07T03:49:46.0000000,6509.83,6509.84,4.10829739,18.41189663
2018-11-07T03:49:46.0000000,6509.83,6509.84,4.10829739,18.73189663
2018-11-07T03:49:47.0000000,6509.83,6509.84,4.10829739,18.41189663
2018-11-07T03:49:48.0000000,6509.83,6509.84,4.10829739,18.40041007
2018-11-07T03:49:48.0000000,6509.83,6509.84,4.10829739,18.40041007
2018-11-07T03:49:50.0000000,6509.83,6509.84,4.28830549,18.40041007
2018-11-07T03:49:50.0000000,6509.83,6509.84,4.28460549,18.40041007
2018-11-07T03:49:50.0000000,6509.83,6509.84,4.28460549,18.40041007
2018-11-07T03:49:50.0000000,6509.83,6509.84,3.78460549,18.40041007
2018-11-07T03:49:51.0000000,6509.83,6509.84,3.16840247,18.40041007
2018-11-07T03:49:51.0000000,6509.83,6509.84,3.16840247,18.40041007
2018-11-07T03:49:51.0000000,6509.83,6509.84,3.16840247,18.90041007
2018-11-07T03:49:51.0000000,6509.83,6509.84,3.16840247,18.8950935
2018-11-07T03:49:51.0000000,6509.83,6509.84,3.16840247,18.8950935
2018-11-07T03:49:53.0000000,6509.83,6509.84,3.16840247,18.85584943
2018-11-07T03:49:53.0000000,6509.83,6509.84,3.16840247,18.85584943
2018-11-07T03:49:53.0000000,6509.83,6509.84,3.65840247,18.85584943
2018-11-07T03:49:54.0000000,6509.83,6509.84,3.16840247,18.85584943
2018-11-07T03:49:54.0000000,6509.83,6509.84,3.65840247,18.85584943
2018-11-07T03:49:54.0000000,6509.83,6509.84,3.16840247,18.85584943
2018-11-07T03:49:54.0000000,6509.83,6509.84,3.65840247,18.85584943
2018-11-07T03:49:54.0000000,6509.83,6509.84,3.16840247,18.85584943
2018-11-07T03:49:56.0000000,6509.83,6509.84,3.16840247,18.35584943
2018-11-07T03:49:56.0000000,6509.83,6509.84,3.66840247,18.35584943
2018-11-07T03:49:57.0000000,6509.83,6509.84,3.58480247,18.35584943
2018-11-07T03:49:57.0000000,6509.83,6509.84,3.58480247,18.35584943
2018-11-07T03:49:58.0000000,6509.83,6509.84,3.58480247,18.89884943
2018-11-07T03:49:58.0000000,6509.83,6509.84,3.58480247,18.83860691
2018-11-07T03:49:58.0000000,6509.83,6509.84,3.58480247,18.83860691
2018-11-07T03:50:01.0000000,6509.83,6509.84,3.58480247,18.83501342
2018-11-07T03:50:01.0000000,6509.83,6509.84,3.58480247,18.83501342
2018-11-07T03:50:04.0000000,6509.83,6509.84,3.58480247,18.83394195
2018-11-07T03:50:04.0000000,6509.83,6509.84,3.58480247,18.83394195
2018-11-07T03:50:06.0000000,6509.83,6509.84,3.58480247,18.7581791
2018-11-07T03:50:06.0000000,6509.83,6509.84,3.58480247,18.7581791
2018-11-07T03:50:07.0000000,6509.83,6509.84,3.58480247,16.2581791
2018-11-07T03:50:10.0000000,6509.83,6509.84,3.58480247,18.7581791
2018-11-07T03:50:10.0000000,6509.83,6509.84,3.58480247,18.7484891
2018-11-07T03:50:10.0000000,6509.83,6509.84,3.58480247,18.7484891
2018-11-07T03:50:10.0000000,6509.83,6509.84,3.58110247,18.7484891
2018-11-07T03:50:10.0000000,6509.83,6509.84,3.58110247,18.7484891
2018-11-07T03:50:11.0000000,6509.83,6509.84,3.08110247,18.7484891
2018-11-07T03:50:11.0000000,6509.83,6509.84,3.08110247,16.2484891
2018-11-07T03:50:12.0000000,6509.83,6509.84,3.08110247,15.2484891
2018-11-07T03:50:12.0000000,6509.83,6509.84,3.08110247,15.24688265
2018-11-07T03:50:12.0000000,6509.83,6509.84,3.08110247,15.24688265
2018-11-07T03:50:12.0000000,6509.83,6509.84,3.08110247,16.24688265
2018-11-07T03:50:12.0000000,6509.83,6509.84,3.08110247,15.24688265
2018-11-07T03:50:12.0000000,6509.83,6509.84,3.08110247,16.24688265
2018-11-07T03:50:13.0000000,6509.83,6509.84,3.08110247,18.74688265
2018-11-07T03:50:13.0000000,6509.83,6509.84,3.08110247,19.21214753
2018-11-07T03:50:14.0000000,6509.83,6509.84,2.86410247,19.21214753
2018-11-07T03:50:14.0000000,6509.83,6509.84,2.86410247,19.21214753
2018-11-07T03:50:14.0000000,6509.83,6509.84,2.86410247,19.19597912
2018-11-07T03:50:14.0000000,6509.83,6509.84,2.86410247,19.19597912
2018-11-07T03:50:14.0000000,6509.83,6509.84,2.86410247,20.98721604
2018-11-07T03:50:14.0000000,6509.83,6509.84,2.86410247,20.92697352
2018-11-07T03:50:14.0000000,6509.83,6509.84,2.86410247,20.92697352
2018-11-07T03:50:18.0000000,6509.83,6509.84,2.86410247,20.91153573
2018-11-07T03:50:18.0000000,6509.83,6509.84,2.86410247,20.91153573
2018-11-07T03:50:19.0000000,6509.83,6509.84,2.86410247,20.9098498
2018-11-07T03:50:19.0000000,6509.83,6509.84,2.86410247,20.9098498
2018-11-07T03:50:20.0000000,6509.83,6509.84,2.86410247,18.4098498
2018-11-07T03:50:21.0000000,6509.83,6509.84,2.86410247,18.39303637
2018-11-07T03:50:21.0000000,6509.83,6509.84,2.86410247,18.39303637
2018-11-07T03:50:22.0000000,6509.83,6509.84,3.36410247,18.39303637
2018-11-07T03:50:23.0000000,6509.83,6509.84,3.36410247,17.39303637
2018-11-07T03:50:24.0000000,6509.83,6509.84,3.36410247,16.03758812
2018-11-07T03:50:24.0000000,6509.83,6509.84,3.36410247,16.03758812
2018-11-07T03:50:24.0000000,6509.83,6509.84,3.36410247,14.2463512
2018-11-07T03:50:24.0000000,6509.83,6509.84,3.36410247,13.2463512
2018-11-07T03:50:24.0000000,6509.83,6509.84,4.36410247,13.2463512
2018-11-07T03:50:24.0000000,6509.83,6509.84,4.36410247,11.2603512
2018-11-07T03:50:24.0000000,6509.83,6509.84,11.86410247,11.2603512
2018-11-07T03:50:24.0000000,6509.83,6509.84,4.36410247,11.2603512
2018-11-07T03:50:24.0000000,6509.83,6509.84,11.86410247,11.2603512
2018-11-07T03:50:24.0000000,6509.83,6509.84,4.36410247,11.2603512
2018-11-07T03:50:24.0000000,6509.83,6509.84,6.86410247,11.2603512
2018-11-07T03:50:24.0000000,6509.83,6509.84,6.86410247,13.2463512
2018-11-07T03:50:24.0000000,6509.83,6509.84,6.86410247,11.2603512
2018-11-07T03:50:24.0000000,6509.83,6509.84,6.86410247,13.2463512
2018-11-07T03:50:24.0000000,6509.83,6509.84,4.36410247,13.2463512
2018-11-07T03:50:25.0000000,6509.83,6509.84,3.36410247,13.2463512
2018-11-07T03:50:25.0000000,6509.83,6509.84,3.36410247,14.2463512
2018-11-07T03:50:25.0000000,6509.83,6509.84,3.36410247,14.2151898
2018-11-07T03:50:25.0000000,6509.83,6509.84,3.36410247,14.2151898
2018-11-07T03:50:26.0000000,6509.83,6509.84,3.36410247,14.20571161
2018-11-07T03:50:26.0000000,6509.83,6509.84,3.36410247,14.20571161
2018-11-07T03:50:26.0000000,6509.83,6509.84,3.36410247,14.20269895
2018-11-07T03:50:26.0000000,6509.83,6509.84,3.36410247,14.20269895
2018-11-07T03:50:26.0000000,6509.83,6509.84,5.86410247,14.20269895
2018-11-07T03:50:26.0000000,6509.83,6509.84,5.86410247,13.20269895
2018-11-07T03:50:26.0000000,6509.83,6509.84,6.86410247,13.20269895
2018-11-07T03:50:26.0000000,6509.83,6509.84,6.86410247,11.21669895
2018-11-07T03:50:26.0000000,6509.83,6509.84,14.36410247,11.21669895
2018-11-07T03:50:27.0000000,6509.83,6509.84,14.36410247,11.20905648
2018-11-07T03:50:27.0000000,6509.83,6509.84,14.36410247,11.20905648
2018-11-07T03:50:27.0000000,6509.83,6509.84,14.36410247,10.7437916
2018-11-07T03:50:29.0000000,6509.83,6509.84,14.36410247,10.74065666
2018-11-07T03:50:29.0000000,6509.83,6509.84,14.36410247,10.74065666
2018-11-07T03:50:30.0000000,6509.83,6509.84,14.36040247,10.74065666
2018-11-07T03:50:30.0000000,6509.83,6509.84,14.36040247,10.74065666
2018-11-07T03:50:31.0000000,6509.83,6509.84,14.36040247,10.73798027
2018-11-07T03:50:31.0000000,6509.83,6509.84,14.36040247,10.73798027
2018-11-07T03:50:32.0000000,6509.83,6509.84,14.36040247,10.73079482
2018-11-07T03:50:32.0000000,6509.83,6509.84,14.36040247,10.73079482
2018-11-07T03:50:33.0000000,6509.83,6509.84,14.36040247,10.72345652
2018-11-07T03:50:33.0000000,6509.83,6509.84,14.36040247,10.72345652
2018-11-07T03:50:33.0000000,6509.83,6509.84,14.33948937,10.72345652
2018-11-07T03:50:33.0000000,6509.83,6509.84,14.33948937,10.72345652
2018-11-07T03:50:35.0000000,6509.83,6509.84,14.33948937,10.69334367
2018-11-07T03:50:35.0000000,6509.83,6509.84,14.33948937,10.69334367
2018-11-07T03:50:36.0000000,6509.83,6509.84,15.17498937,10.69334367
2018-11-07T03:50:37.0000000,6509.83,6509.84,14.17498937,10.69334367
2018-11-07T03:50:37.0000000,6509.83,6509.84,14.17498937,11.69334367
2018-11-07T03:50:37.0000000,6509.83,6509.84,6.67498937,11.69334367
2018-11-07T03:50:37.0000000,6509.83,6509.84,4.17498937,11.69334367
2018-11-07T03:50:37.0000000,6509.83,6509.84,4.17498937,13.67934367
2018-11-07T03:50:37.0000000,6509.83,6509.84,6.67498937,13.67934367
2018-11-07T03:50:38.0000000,6509.83,6509.84,6.67498937,13.66451575
2018-11-07T03:50:38.0000000,6509.83,6509.84,6.67498937,13.66451575
2018-11-07T03:50:38.0000000,6509.83,6509.84,7.16498937,13.66451575
2018-11-07T03:50:38.0000000,6509.83,6509.84,7.16498937,11.67851575
2018-11-07T03:50:38.0000000,6509.83,6509.84,14.66498937,11.67851575
2018-11-07T03:50:38.0000000,6509.83,6509.84,7.16498937,11.67851575
2018-11-07T03:50:38.0000000,6509.83,6509.84,6.67498937,11.67851575
2018-11-07T03:50:38.0000000,6509.83,6509.84,6.67498937,10.67851575
2018-11-07T03:50:38.0000000,6509.83,6509.84,14.17498937,10.67851575
2018-11-07T03:50:38.0000000,6509.83,6509.84,14.17498937,11.67851575
2018-11-07T03:50:38.0000000,6509.83,6509.84,14.17498937,10.67851575
2018-11-07T03:50:38.0000000,6509.83,6509.84,14.17498937,11.67851575
2018-11-07T03:50:39.0000000,6509.83,6509.84,14.17498937,11.66980181
2018-11-07T03:50:39.0000000,6509.83,6509.84,14.17498937,11.66980181
2018-11-07T03:50:39.0000000,6509.83,6509.84,14.17498937,10.66980181
2018-11-07T03:50:39.0000000,6509.83,6509.84,14.17498937,11.66980181
2018-11-07T03:50:40.0000000,6509.83,6509.84,14.17498937,11.66215934
2018-11-07T03:50:40.0000000,6509.83,6509.84,14.17498937,11.66215934
2018-11-07T03:50:40.0000000,6509.83,6509.84,6.67498937,11.66215934
2018-11-07T03:50:40.0000000,6509.83,6509.84,6.67498937,13.64815934
2018-11-07T03:50:40.0000000,6509.83,6509.84,4.17498937,13.64815934
2018-11-07T03:50:42.0000000,6509.83,6509.84,11.67498937,13.64815934
2018-11-07T03:50:42.0000000,6509.83,6509.84,4.17498937,13.64815934
2018-11-07T03:50:42.0000000,6509.83,6509.84,4.17498937,11.66215934
2018-11-07T03:50:42.0000000,6509.83,6509.84,11.67498937,11.66215934
2018-11-07T03:50:42.0000000,6509.83,6509.84,4.17498937,11.66215934
2018-11-07T03:50:42.0000000,6509.83,6509.84,4.17498937,13.64815934
2018-11-07T03:50:42.0000000,6509.83,6509.84,4.17498937,11.66215934
2018-11-07T03:50:42.0000000,6509.83,6509.84,4.17498937,13.64815934
2018-11-07T03:50:43.0000000,6509.83,6509.84,4.17498937,11.66215934
2018-11-07T03:50:43.0000000,6509.83,6509.84,11.67498937,11.66215934
2018-11-07T03:50:43.0000000,6509.83,6509.84,4.17498937,11.66215934
2018-11-07T03:50:43.0000000,6509.83,6509.84,11.67498937,11.66215934
2018-11-07T03:50:44.0000000,6509.83,6509.84,4.17498937,11.66215934
2018-11-07T03:50:44.0000000,6509.83,6509.84,4.17498937,13.64815934
2018-11-07T03:50:44.0000000,6509.83,6509.84,4.17498937,11.66215934
2018-11-07T03:50:44.0000000,6509.83,6509.84,4.17498937,13.64815934
2018-11-07T03:50:45.0000000,6509.83,6509.84,4.17498937,14.64815934
2018-11-07T03:50:46.0000000,6509.83,6509.84,4.17498937,14.64715934
2018-11-07T03:50:46.0000000,6509.83,6509.84,4.17498937,14.64715934
2018-11-07T03:50:46.0000000,6509.83,6509.84,4.17498937,17.14715934
2018-11-07T03:50:47.0000000,6509.83,6509.84,4.17498937,16.14715934
2018-11-07T03:50:47.0000000,6509.83,6509.84,4.17498937,13.64715934
2018-11-07T03:50:47.0000000,6509.83,6509.84,4.17498937,13.64184277
2018-11-07T03:50:47.0000000,6509.83,6509.84,4.17498937,13.64184277
2018-11-07T03:50:47.0000000,6509.83,6509.84,4.17498937,13.61979578
2018-11-07T03:50:47.0000000,6509.83,6509.84,4.17498937,13.61979578
2018-11-07T03:50:47.0000000,6509.83,6509.84,4.17498937,11.63379578
2018-11-07T03:50:47.0000000,6509.83,6509.84,11.67498937,11.63379578
2018-11-07T03:50:48.0000000,6509.83,6509.84,4.17498937,11.63379578
2018-11-07T03:50:48.0000000,6509.83,6509.84,4.17498937,13.61979578
2018-11-07T03:50:49.0000000,6509.83,6509.84,4.17498937,16.11979578
2018-11-07T03:50:49.0000000,6509.83,6509.84,4.17498937,16.11773079
2018-11-07T03:50:49.0000000,6509.83,6509.84,4.17498937,16.11773079
2018-11-07T03:50:51.0000000,6509.83,6509.84,4.17128937,16.11773079
2018-11-07T03:50:51.0000000,6509.83,6509.84,4.17128937,16.11773079
2018-11-07T03:50:51.0000000,6509.83,6509.84,4.17128937,13.61773079
2018-11-07T03:50:55.0000000,6509.83,6509.84,4.17128937,16.11773079
2018-11-07T03:50:55.0000000,6509.83,6509.84,4.07128937,16.11773079
2018-11-07T03:50:55.0000000,6509.83,6509.84,4.07128937,16.11773079
2018-11-07T03:50:55.0000000,6509.83,6509.84,4.07128937,16.13525114
2018-11-07T03:50:57.0000000,6509.83,6509.84,4.07128937,13.63525114
2018-11-07T03:50:58.0000000,6509.83,6509.84,11.57128937,13.63525114
2018-11-07T03:50:58.0000000,6509.83,6509.84,4.07128937,13.63525114
2018-11-07T03:50:58.0000000,6509.83,6509.84,4.07128937,11.64925114
2018-11-07T03:50:58.0000000,6509.83,6509.84,4.07128937,10.64925114
2018-11-07T03:50:58.0000000,6509.83,6509.84,11.57128937,10.64925114
2018-11-07T03:50:58.0000000,6509.83,6509.84,12.57128937,10.64925114
2018-11-07T03:50:58.0000000,6509.83,6509.84,12.57128937,11.64925114
2018-11-07T03:50:58.0000000,6509.83,6509.84,11.57128937,11.64925114
2018-11-07T03:50:58.0000000,6509.83,6509.84,14.07128937,11.64925114
2018-11-07T03:50:58.0000000,6509.83,6509.84,6.57128937,11.64925114
2018-11-07T03:50:58.0000000,6509.83,6509.84,6.57128937,10.64925114
2018-11-07T03:50:58.0000000,6509.83,6509.84,4.07128937,10.64925114
2018-11-07T03:50:58.0000000,6509.83,6509.84,11.57128937,10.64925114
2018-11-07T03:50:58.0000000,6509.83,6509.84,12.57128937,10.64925114
2018-11-07T03:50:58.0000000,6509.83,6509.84,12.57128937,11.64925114
2018-11-07T03:50:58.0000000,6509.83,6509.84,11.57128937,11.64925114
2018-11-07T03:50:58.0000000,6509.83,6509.84,11.57128937,10.64925114
2018-11-07T03:50:58.0000000,6509.83,6509.84,14.07128937,10.64925114
2018-11-07T03:50:58.0000000,6509.83,6509.84,15.07128937,10.64925114
2018-11-07T03:50:59.0000000,6509.83,6509.84,7.57128937,10.64925114
2018-11-07T03:50:59.0000000,6509.83,6509.84,6.57128937,10.64925114
2018-11-07T03:50:59.0000000,6509.83,6509.84,6.57128937,12.63525114
2018-11-07T03:50:59.0000000,6509.83,6509.84,4.07128937,12.63525114
2018-11-07T03:50:59.0000000,6509.83,6509.84,4.07128937,13.63525114
2018-11-07T03:50:59.0000000,6509.83,6509.84,4.07128937,13.59115563
2018-11-07T03:50:59.0000000,6509.83,6509.84,4.07128937,13.59115563
2018-11-07T03:51:01.0000000,6509.83,6509.84,4.07128937,13.58977846
2018-11-07T03:51:01.0000000,6509.83,6509.84,4.07128937,13.58977846
2018-11-07T03:51:01.0000000,6509.83,6509.84,4.07128937,11.60377846
2018-11-07T03:51:01.0000000,6509.83,6509.84,11.57128937,11.60377846
2018-11-07T03:51:01.0000000,6509.83,6509.84,4.07128937,11.60377846
2018-11-07T03:51:01.0000000,6509.83,6509.84,4.07128937,10.60377846
2018-11-07T03:51:01.0000000,6509.83,6509.84,11.57128937,10.60377846
2018-11-07T03:51:01.0000000,6509.83,6509.84,12.57128937,10.60377846
2018-11-07T03:51:01.0000000,6509.83,6509.84,15.07128937,10.60377846
2018-11-07T03:51:01.0000000,6509.83,6509.84,15.07128937,11.60377846
2018-11-07T03:51:01.0000000,6509.83,6509.84,14.07128937,11.60377846
2018-11-07T03:51:01.0000000,6509.83,6509.84,14.07128937,10.60377846
2018-11-07T03:51:01.0000000,6509.83,6509.84,15.07128937,10.60377846
2018-11-07T03:51:03.0000000,6509.83,6509.84,7.57128937,10.60377846
2018-11-07T03:51:03.0000000,6509.83,6509.84,7.57128937,12.58977846
2018-11-07T03:51:03.0000000,6509.83,6509.84,7.57128937,10.60377846
2018-11-07T03:51:03.0000000,6509.83,6509.84,9.57128937,10.60377846
2018-11-07T03:51:03.0000000,6509.83,6509.84,9.57128937,12.58977846
2018-11-07T03:51:03.0000000,6509.83,6509.84,9.57128937,10.60377846
2018-11-07T03:51:03.0000000,6509.83,6509.84,9.57128937,12.58977846
2018-11-07T03:51:03.0000000,6509.83,6509.84,9.57128937,10.60377846
2018-11-07T03:51:03.0000000,6509.83,6509.84,9.57128937,12.58977846
2018-11-07T03:51:03.0000000,6509.83,6509.84,9.57128937,10.60377846
2018-11-07T03:51:03.0000000,6509.83,6509.84,17.07128937,10.60377846
2018-11-07T03:51:03.0000000,6509.83,6509.84,9.57128937,10.60377846
2018-11-07T03:51:03.0000000,6509.83,6509.84,9.57128937,12.58977846
2018-11-07T03:51:03.0000000,6509.83,6509.84,9.57128937,10.60377846
2018-11-07T03:51:03.0000000,6509.83,6509.84,9.57128937,12.58977846
2018-11-07T03:51:03.0000000,6509.83,6509.84,9.57128937,10.60377846
2018-11-07T03:51:03.0000000,6509.83,6509.84,17.07128937,10.60377846
2018-11-07T03:51:03.0000000,6509.83,6509.84,17.56128937,10.60377846
2018-11-07T03:51:04.0000000,6509.83,6509.84,17.07128937,10.60377846
2018-11-07T03:51:04.0000000,6509.83,6509.84,17.56128937,10.60377846
2018-11-07T03:51:04.0000000,6509.83,6509.84,17.07128937,10.60377846
2018-11-07T03:51:04.0000000,6509.83,6509.84,17.56128937,10.60377846
2018-11-07T03:51:04.0000000,6509.83,6509.84,17.07128937,10.60377846
2018-11-07T03:51:05.0000000,6509.83,6509.84,17.56128937,10.60377846
2018-11-07T03:51:06.0000000,6509.83,6509.84,17.07128937,10.60377846
2018-11-07T03:51:06.0000000,6509.83,6509.84,17.56128937,10.60377846
2018-11-07T03:51:06.0000000,6509.83,6509.84,17.07128937,10.60377846
2018-11-07T03:51:06.0000000,6509.83,6509.84,17.56128937,10.60377846
2018-11-07T03:51:07.0000000,6509.83,6509.84,10.06128937,10.60377846
2018-11-07T03:51:07.0000000,6509.83,6509.84,8.06128937,10.60377846
2018-11-07T03:51:07.0000000,6509.83,6509.84,8.06128937,12.58977846
2018-11-07T03:51:08.0000000,6509.83,6509.84,8.06128937,12.574492
2018-11-07T03:51:08.0000000,6509.83,6509.84,8.06128937,12.574492
2018-11-07T03:51:08.0000000,6509.83,6509.84,8.06128937,10.588492
2018-11-07T03:51:08.0000000,6509.83,6509.84,15.56128937,10.588492
2018-11-07T03:51:08.0000000,6509.83,6509.84,8.06128937,10.588492
2018-11-07T03:51:08.0000000,6509.83,6509.84,7.96128937,10.588492
2018-11-07T03:51:08.0000000,6509.83,6509.84,7.96128937,10.588492
2018-11-07T03:51:08.0000000,6509.83,6509.84,15.46128937,10.588492
2018-11-07T03:51:08.0000000,6509.83,6509.84,7.96128937,10.588492
2018-11-07T03:51:08.0000000,6509.83,6509.84,15.46128937,10.588492
2018-11-07T03:51:09.0000000,6509.83,6509.84,15.44651465,10.588492
2018-11-07T03:51:09.0000000,6509.83,6509.84,15.44651465,10.588492
2018-11-07T03:51:10.0000000,6509.83,6509.84,20.06425803,10.588492
2018-11-07T03:51:10.0000000,6509.83,6509.84,19.57425803,10.588492
2018-11-07T03:51:10.0000000,6509.83,6509.84,19.57055803,10.588492
2018-11-07T03:51:10.0000000,6509.83,6509.84,19.57055803,10.588492
2018-11-07T03:51:10.0000000,6509.83,6509.84,19.57055803,12.574492
2018-11-07T03:51:10.0000000,6509.83,6509.84,19.57055803,10.588492
2018-11-07T03:51:10.0000000,6509.83,6509.84,12.07055803,10.588492
2018-11-07T03:51:10.0000000,6509.83,6509.84,12.07055803,12.574492
2018-11-07T03:51:10.0000000,6509.83,6509.84,12.07055803,10.588492
2018-11-07T03:51:10.0000000,6509.83,6509.84,12.07055803,10.58289893
2018-11-07T03:51:10.0000000,6509.83,6509.84,12.07055803,10.58289893
2018-11-07T03:51:10.0000000,6509.83,6509.84,12.07055803,12.56889893
2018-11-07T03:51:11.0000000,6509.83,6509.84,12.4219115,12.56889893
2018-11-07T03:51:11.0000000,6509.83,6509.84,12.4219115,10.58289893
2018-11-07T03:51:11.0000000,6509.83,6509.84,19.9219115,10.58289893
2018-11-07T03:51:11.0000000,6509.83,6509.84,12.4219115,10.58289893
2018-11-07T03:51:11.0000000,6509.83,6509.84,12.4219115,12.56889893
2018-11-07T03:51:11.0000000,6509.83,6509.84,12.4219115,12.53141721
2018-11-07T03:51:11.0000000,6509.83,6509.84,12.4219115,12.53141721
2018-11-07T03:51:13.0000000,6509.83,6509.84,19.9219115,12.53141721
2018-11-07T03:51:13.0000000,6509.83,6509.84,12.4219115,12.53141721
2018-11-07T03:51:13.0000000,6509.83,6509.84,12.4219115,10.54541721
2018-11-07T03:51:13.0000000,6509.83,6509.84,19.9219115,10.54541721
2018-11-07T03:51:13.0000000,6509.83,6509.84,12.4219115,10.54541721
2018-11-07T03:51:13.0000000,6509.83,6509.84,12.4219115,12.53141721
2018-11-07T03:51:13.0000000,6509.83,6509.84,12.4219115,10.54541721
2018-11-07T03:51:13.0000000,6509.83,6509.84,19.9219115,10.54541721
2018-11-07T03:51:14.0000000,6509.83,6509.84,12.4219115,10.54541721
2018-11-07T03:51:14.0000000,6509.83,6509.84,12.4219115,12.53141721
2018-11-07T03:51:14.0000000,6509.83,6509.84,12.4219115,10.54541721
2018-11-07T03:51:14.0000000,6509.83,6509.84,12.4219115,12.53141721
2018-11-07T03:51:14.0000000,6509.83,6509.84,12.4219115,10.54541721
2018-11-07T03:51:14.0000000,6509.83,6509.84,19.9219115,10.54541721
2018-11-07T03:51:14.0000000,6509.83,6509.84,12.4219115,10.54541721
2018-11-07T03:51:14.0000000,6509.83,6509.84,12.4219115,12.53141721
2018-11-07T03:51:14.0000000,6509.83,6509.84,12.4219115,10.54541721
2018-11-07T03:51:14.0000000,6509.83,6509.84,19.9219115,10.54541721
2018-11-07T03:51:14.0000000,6509.83,6509.84,12.4219115,10.54541721
2018-11-07T03:51:14.0000000,6509.83,6509.84,19.9219115,10.54541721
2018-11-07T03:51:14.0000000,6509.83,6509.84,12.4219115,10.54541721
2018-11-07T03:51:14.0000000,6509.83,6509.84,19.9219115,10.54541721
2018-11-07T03:51:14.0000000,6509.83,6509.84,12.4219115,10.54541721
2018-11-07T03:51:14.0000000,6509.83,6509.84,12.4219115,12.53141721
2018-11-07T03:51:14.0000000,6509.83,6509.84,12.4219115,10.54541721
2018-11-07T03:51:14.0000000,6509.83,6509.84,19.9219115,10.54541721
2018-11-07T03:51:14.0000000,6509.83,6509.84,12.4219115,10.54541721
2018-11-07T03:51:14.0000000,6509.83,6509.84,19.9219115,10.54541721
2018-11-07T03:51:14.0000000,6509.83,6509.84,12.4219115,10.54541721
2018-11-07T03:51:14.0000000,6509.83,6509.84,12.4219115,12.53141721
2018-11-07T03:51:14.0000000,6509.83,6509.84,12.4219115,12.50172622
2018-11-07T03:51:14.0000000,6509.83,6509.84,12.4219115,12.50172622
2018-11-07T03:51:15.0000000,6509.83,6509.84,12.9119115,12.50172622
2018-11-07T03:51:15.0000000,6509.83,6509.84,12.4219115,12.50172622
2018-11-07T03:51:15.0000000,6509.83,6509.84,12.9119115,12.50172622
2018-11-07T03:51:16.0000000,6509.83,6509.84,12.4219115,12.50172622
2018-11-07T03:51:16.0000000,6509.83,6509.84,12.9119115,12.50172622
2018-11-07T03:51:16.0000000,6509.83,6509.84,12.4219115,12.50172622
2018-11-07T03:51:16.0000000,6509.83,6509.84,12.9119115,12.50172622
2018-11-07T03:51:16.0000000,6509.83,6509.84,12.4219115,12.50172622
2018-11-07T03:51:17.0000000,6509.83,6509.84,11.4219115,12.50172622
2018-11-07T03:51:17.0000000,6509.83,6509.84,11.4219115,13.50172622
2018-11-07T03:51:17.0000000,6509.83,6509.84,11.4219115,12.50172622
2018-11-07T03:51:17.0000000,6509.83,6509.84,11.4219115,13.50172622
2018-11-07T03:51:17.0000000,6509.83,6509.84,11.4219115,12.50172622
2018-11-07T03:51:17.0000000,6509.83,6509.84,11.4219115,13.50172622
2018-11-07T03:51:18.0000000,6509.83,6509.84,8.9219115,13.50172622
2018-11-07T03:51:18.0000000,6509.83,6509.84,11.4219115,13.50172622
2018-11-07T03:51:18.0000000,6509.83,6509.84,11.4219115,11.51572622
2018-11-07T03:51:18.0000000,6509.83,6509.84,18.9219115,11.51572622
2018-11-07T03:51:18.0000000,6509.83,6509.84,18.9219115,10.51572622
2018-11-07T03:51:18.0000000,6509.83,6509.84,19.9219115,10.51572622
2018-11-07T03:51:18.0000000,6509.83,6509.84,12.4219115,10.51572622
2018-11-07T03:51:18.0000000,6509.83,6509.84,12.4219115,12.50172622
2018-11-07T03:51:18.0000000,6509.83,6509.84,12.4219115,10.51572622
2018-11-07T03:51:18.0000000,6509.83,6509.84,11.4219115,10.51572622
2018-11-07T03:51:18.0000000,6509.83,6509.84,12.4219115,10.51572622
2018-11-07T03:51:18.0000000,6509.83,6509.84,12.4219115,12.50172622
2018-11-07T03:51:18.0000000,6509.83,6509.84,11.4219115,12.50172622
2018-11-07T03:51:18.0000000,6509.83,6509.84,11.4219115,13.50172622
2018-11-07T03:51:18.0000000,6509.83,6509.84,8.9219115,13.50172622
2018-11-07T03:51:19.0000000,6509.83,6509.84,8.9219115,11.51572622
2018-11-07T03:51:19.0000000,6509.83,6509.84,16.4219115,11.51572622
2018-11-07T03:51:19.0000000,6509.83,6509.84,8.9219115,11.51572622
2018-11-07T03:51:19.0000000,6509.83,6509.84,8.9219115,10.51572622
2018-11-07T03:51:19.0000000,6509.83,6509.84,9.9219115,10.51572622
2018-11-07T03:51:19.0000000,6509.83,6509.84,12.4219115,10.51572622
2018-11-07T03:51:19.0000000,6509.83,6509.84,11.4219115,10.51572622
2018-11-07T03:51:19.0000000,6509.83,6509.84,12.4219115,10.51572622
2018-11-07T03:51:19.0000000,6509.83,6509.84,12.4219115,12.50172622
2018-11-07T03:51:19.0000000,6509.83,6509.84,12.4219115,10.51572622
2018-11-07T03:51:19.0000000,6509.83,6509.84,19.9219115,10.51572622
2018-11-07T03:51:19.0000000,6509.83,6509.84,12.4219115,10.51572622
2018-11-07T03:51:19.0000000,6509.83,6509.84,12.4219115,12.50172622
2018-11-07T03:51:19.0000000,6509.83,6509.84,12.4219115,12.49843843
2018-11-07T03:51:19.0000000,6509.83,6509.84,12.4219115,12.49843843
2018-11-07T03:51:19.0000000,6509.83,6509.84,12.4219115,10.51243843
2018-11-07T03:51:19.0000000,6509.83,6509.84,19.9219115,10.51243843
2018-11-07T03:51:19.0000000,6509.83,6509.84,12.4219115,10.51243843
2018-11-07T03:51:19.0000000,6509.83,6509.84,12.4219115,12.49843843
2018-11-07T03:51:20.0000000,6509.83,6509.84,12.9119115,12.49843843
2018-11-07T03:51:20.0000000,6509.83,6509.84,12.4219115,12.49843843
2018-11-07T03:51:21.0000000,6509.83,6509.84,7.80416812,12.49843843
2018-11-07T03:51:21.0000000,6509.83,6509.84,6.80416812,12.49843843
2018-11-07T03:51:21.0000000,6509.83,6509.84,7.80416812,12.49843843
2018-11-07T03:51:24.0000000,6509.83,6509.84,5.30416812,12.49843843
2018-11-07T03:51:24.0000000,6509.83,6509.84,4.30416812,12.49843843
2018-11-07T03:51:24.0000000,6509.83,6509.84,4.30416812,13.49843843
2018-11-07T03:51:25.0000000,6509.83,6509.84,4.30416812,13.48374044
2018-11-07T03:51:25.0000000,6509.83,6509.84,4.30416812,13.48374044
2018-11-07T03:51:25.0000000,6509.83,6509.84,3.95281465,13.48374044
2018-11-07T03:51:27.0000000,6509.83,6509.84,6.45281465,13.48374044
2018-11-07T03:51:27.0000000,6509.83,6509.84,6.45281465,12.48374044
2018-11-07T03:51:27.0000000,6509.83,6509.84,7.45281465,12.48374044
2018-11-07T03:51:27.0000000,6509.83,6509.84,6.45281465,12.48374044
2018-11-07T03:51:27.0000000,6509.83,6509.84,7.45281465,12.48374044
2018-11-07T03:51:27.0000000,6509.83,6509.84,7.45281465,13.48374044
2018-11-07T03:51:27.0000000,6509.83,6509.84,6.45281465,13.48374044
2018-11-07T03:51:27.0000000,6509.83,6509.84,6.45281465,12.48374044
2018-11-07T03:51:27.0000000,6509.83,6509.84,6.45281465,13.48374044
2018-11-07T03:51:27.0000000,6509.83,6509.84,6.45281465,12.48374044
2018-11-07T03:51:28.0000000,6509.83,6509.84,7.45281465,12.48374044
2018-11-07T03:51:28.0000000,6509.83,6509.84,7.45281465,12.09182996
2018-11-07T03:51:28.0000000,6509.83,6509.84,7.45281465,12.09182996
2018-11-07T03:51:28.0000000,6509.83,6509.84,7.45281465,11.96929382
2018-11-07T03:51:28.0000000,6509.83,6509.84,7.45281465,11.96929382
2018-11-07T03:51:29.0000000,6509.83,6509.84,7.75281465,11.96929382
2018-11-07T03:51:30.0000000,6509.83,6509.84,7.74911465,11.96929382
2018-11-07T03:51:30.0000000,6509.83,6509.84,7.74911465,11.96929382
2018-11-07T03:51:31.0000000,6509.83,6509.84,8.23911465,11.96929382
2018-11-07T03:51:31.0000000,6509.83,6509.84,7.74911465,11.96929382
2018-11-07T03:51:32.0000000,6509.83,6509.84,7.74911465,9.98329382
2018-11-07T03:51:32.0000000,6509.83,6509.84,15.24911465,9.98329382
2018-11-07T03:51:32.0000000,6509.83,6509.84,7.74911465,9.98329382
2018-11-07T03:51:32.0000000,6509.83,6509.84,15.24911465,9.98329382
2018-11-07T03:51:32.0000000,6509.83,6509.84,7.74911465,9.98329382
2018-11-07T03:51:32.0000000,6509.83,6509.84,7.74911465,11.96929382
2018-11-07T03:51:34.0000000,6509.83,6509.84,5.24911465,11.96929382
2018-11-07T03:51:36.0000000,6509.83,6509.84,5.24911465,11.93612178
2018-11-07T03:51:36.0000000,6509.83,6509.84,5.24911465,11.93612178
2018-11-07T03:51:36.0000000,6509.83,6509.84,5.24911465,11.92887281
2018-11-07T03:51:36.0000000,6509.83,6509.84,5.24911465,11.92887281
2018-11-07T03:51:36.0000000,6509.83,6509.84,5.24911465,11.78412178
2018-11-07T03:51:37.0000000,6509.83,6509.84,4.24911465,11.78412178
2018-11-07T03:51:37.0000000,6509.83,6509.84,4.24911465,12.78412178
2018-11-07T03:51:38.0000000,6509.83,6509.84,4.24911465,15.28412178
2018-11-07T03:51:39.0000000,6509.83,6509.84,4.24911465,15.27387934
2018-11-07T03:51:39.0000000,6509.83,6509.84,4.24911465,15.27387934
2018-11-07T03:51:39.0000000,6509.83,6509.84,4.24911465,15.27114041
2018-11-07T03:51:39.0000000,6509.83,6509.84,4.24911465,15.27114041
2018-11-07T03:51:39.0000000,6509.83,6509.84,11.74911465,15.27114041
2018-11-07T03:51:39.0000000,6509.83,6509.84,4.24911465,15.27114041
2018-11-07T03:51:39.0000000,6509.83,6509.84,4.24911465,13.28514041
2018-11-07T03:51:39.0000000,6509.83,6509.84,4.24911465,10.78514041
2018-11-07T03:51:39.0000000,6509.83,6509.84,4.24911465,9.78514041
2018-11-07T03:51:39.0000000,6509.83,6509.84,5.24911465,9.78514041
2018-11-07T03:51:39.0000000,6509.83,6509.84,12.74911465,9.78514041
2018-11-07T03:51:39.0000000,6509.83,6509.84,11.74911465,9.78514041
2018-11-07T03:51:39.0000000,6509.83,6509.84,11.74911465,12.28514041
2018-11-07T03:51:39.0000000,6509.83,6509.84,11.74911465,9.78514041
2018-11-07T03:51:39.0000000,6509.83,6509.84,12.74911465,9.78514041
2018-11-07T03:51:39.0000000,6509.83,6509.84,5.24911465,9.78514041
2018-11-07T03:51:39.0000000,6509.83,6509.84,5.24911465,11.77114041
2018-11-07T03:51:40.0000000,6509.83,6509.84,5.24911465,12.77114041
2018-11-07T03:51:40.0000000,6509.83,6509.84,4.24911465,12.77114041
2018-11-07T03:51:40.0000000,6509.83,6509.84,4.24911465,15.27114041
2018-11-07T03:51:41.0000000,6509.83,6509.84,4.24911465,12.77114041
2018-11-07T03:51:42.0000000,6509.83,6509.84,4.73911465,12.77114041
2018-11-07T03:51:43.0000000,6509.83,6509.84,4.73911465,15.27114041
2018-11-07T03:51:43.0000000,6509.83,6509.84,4.24911465,15.27114041
2018-11-07T03:51:43.0000000,6509.83,6509.84,4.24911465,15.25644242
2018-11-07T03:51:43.0000000,6509.83,6509.84,4.24911465,15.25644242
2018-11-07T03:51:43.0000000,6509.83,6509.84,4.24911465,15.40944242
2018-11-07T03:51:45.0000000,6509.83,6509.84,4.24911465,14.40944242
2018-11-07T03:51:45.0000000,6509.83,6509.84,4.24911465,11.90944242
2018-11-07T03:51:45.0000000,6509.83,6509.84,5.24911465,11.90944242
2018-11-07T03:51:45.0000000,6509.83,6509.84,5.24911465,9.92344242
2018-11-07T03:51:45.0000000,6509.83,6509.84,12.74911465,9.92344242
2018-11-07T03:51:45.0000000,6509.83,6509.84,5.24911465,9.92344242
2018-11-07T03:51:45.0000000,6509.83,6509.84,12.74911465,9.92344242
2018-11-07T03:51:45.0000000,6509.83,6509.84,15.24911465,9.92344242
2018-11-07T03:51:45.0000000,6509.83,6509.84,12.74911465,9.92344242
2018-11-07T03:51:45.0000000,6509.83,6509.84,12.74911465,11.90944242
2018-11-07T03:51:45.0000000,6509.83,6509.84,15.24911465,11.90944242
2018-11-07T03:51:45.0000000,6509.83,6509.84,15.24911465,9.92344242
2018-11-07T03:51:45.0000000,6509.83,6509.84,7.74911465,9.92344242
2018-11-07T03:51:45.0000000,6509.83,6509.84,5.24911465,9.92344242
2018-11-07T03:51:45.0000000,6509.83,6509.84,5.24911465,11.90944242
2018-11-07T03:51:45.0000000,6509.83,6509.84,4.24911465,11.90944242
2018-11-07T03:51:45.0000000,6509.83,6509.84,4.24911465,12.90944242
2018-11-07T03:51:46.0000000,6509.83,6509.84,4.24911465,11.90944242
2018-11-07T03:51:46.0000000,6509.83,6509.84,5.24911465,11.90944242
2018-11-07T03:51:46.0000000,6509.83,6509.84,5.24911465,11.87710561
2018-11-07T03:51:46.0000000,6509.83,6509.84,5.24911465,11.87710561
2018-11-07T03:51:46.0000000,6509.83,6509.84,5.24911465,9.89110561
2018-11-07T03:51:46.0000000,6509.83,6509.84,12.74911465,9.89110561
2018-11-07T03:51:46.0000000,6509.83,6509.84,5.24911465,9.89110561
2018-11-07T03:51:46.0000000,6509.83,6509.84,5.24911465,11.87710561
2018-11-07T03:51:46.0000000,6509.83,6509.84,5.24911465,9.89110561
2018-11-07T03:51:46.0000000,6509.83,6509.84,12.74911465,9.89110561
2018-11-07T03:51:46.0000000,6509.83,6509.84,5.24911465,9.89110561
2018-11-07T03:51:46.0000000,6509.83,6509.84,5.09011465,9.89110561
2018-11-07T03:51:46.0000000,6509.83,6509.84,12.59011465,9.89110561
2018-11-07T03:51:46.0000000,6509.83,6509.84,12.59011465,9.89110561
2018-11-07T03:51:47.0000000,6509.83,6509.84,12.56772871,9.89110561
2018-11-07T03:51:47.0000000,6509.83,6509.84,12.56772871,9.89110561
2018-11-07T03:51:47.0000000,6509.83,6509.84,5.06772871,9.89110561
2018-11-07T03:51:47.0000000,6509.83,6509.84,5.06772871,11.87710561
2018-11-07T03:51:47.0000000,6509.83,6509.84,5.06772871,9.89110561
2018-11-07T03:51:47.0000000,6509.83,6509.84,5.06772871,11.87710561
2018-11-07T03:51:49.0000000,6509.83,6509.84,5.06772871,9.89110561
2018-11-07T03:51:49.0000000,6509.83,6509.84,12.56772871,9.89110561
2018-11-07T03:51:49.0000000,6509.83,6509.84,15.06772871,9.89110561
2018-11-07T03:51:50.0000000,6509.83,6509.84,15.06402871,9.89110561
2018-11-07T03:51:50.0000000,6509.83,6509.84,15.06402871,9.89110561
2018-11-07T03:51:51.0000000,6509.83,6509.84,15.06402871,9.72942309
2018-11-07T03:51:51.0000000,6509.83,6509.84,15.06402871,9.72942309
2018-11-07T03:51:51.0000000,6509.83,6509.84,15.06402871,9.66616944
2018-11-07T03:51:51.0000000,6509.83,6509.84,15.06402871,9.66616944
2018-11-07T03:51:54.0000000,6509.83,6509.84,15.06402871,9.66188813
2018-11-07T03:51:54.0000000,6509.83,6509.84,15.06402871,9.66188813
2018-11-07T03:51:54.0000000,6509.83,6509.84,15.06402871,9.64792534
2018-11-07T03:51:54.0000000,6509.83,6509.84,15.06402871,9.64792534
2018-11-07T03:51:57.0000000,6509.83,6509.84,15.06402871,9.64654817
2018-11-07T03:51:57.0000000,6509.83,6509.84,15.06402871,9.64654817
2018-11-07T03:51:57.0000000,6509.83,6509.84,15.06402871,9.626369
2018-11-07T03:51:57.0000000,6509.83,6509.84,15.06402871,9.626369
2018-11-07T03:51:59.0000000,6509.83,6509.84,15.96402871,9.626369
2018-11-07T03:51:59.0000000,6509.83,6509.84,15.96402871,9.55106623
2018-11-07T03:51:59.0000000,6509.83,6509.84,15.96402871,9.55106623
2018-11-07T03:52:01.0000000,6509.83,6509.84,20.58177209,9.55106623
2018-11-07T03:52:02.0000000,6509.83,6509.84,21.73854007,9.55106623
2018-11-07T03:52:02.0000000,6509.83,6509.84,21.42689232,9.55106623
2018-11-07T03:52:02.0000000,6509.83,6509.84,21.42689232,9.55106623
2018-11-07T03:52:03.0000000,6509.83,6509.84,21.42689232,9.52859585
2018-11-07T03:52:03.0000000,6509.83,6509.84,21.42689232,9.52859585
2018-11-07T03:52:04.0000000,6509.83,6509.84,21.42689232,9.50574793
2018-11-07T03:52:04.0000000,6509.83,6509.84,21.42689232,9.50574793
2018-11-07T03:52:04.0000000,6509.83,6509.84,21.77824579,9.50574793
2018-11-07T03:52:05.0000000,6509.83,6509.84,21.01604579,9.50574793
2018-11-07T03:52:05.0000000,6509.83,6509.84,21.01604579,9.50574793
2018-11-07T03:52:06.0000000,6509.83,6509.84,21.01604579,8.89342793
2018-11-07T03:52:06.0000000,6509.83,6509.84,21.01604579,8.89342793
2018-11-07T03:52:09.0000000,6509.83,6509.84,19.89137293,8.89342793
2018-11-07T03:52:09.0000000,6509.83,6509.84,19.89137293,8.89342793
2018-11-07T03:52:09.0000000,6509.83,6509.84,19.84137293,8.89342793
2018-11-07T03:52:09.0000000,6509.83,6509.84,19.84137293,8.89342793
2018-11-07T03:52:09.0000000,6509.83,6509.84,19.66136483,8.89342793
2018-11-07T03:52:09.0000000,6509.83,6509.84,19.59495606,8.89342793
2018-11-07T03:52:09.0000000,6509.83,6509.84,19.59495606,8.89342793
2018-11-07T03:52:10.0000000,6509.83,6509.84,19.59125606,8.89342793
2018-11-07T03:52:10.0000000,6509.83,6509.84,19.59125606,8.89342793
2018-11-07T03:52:11.0000000,6509.83,6509.84,20.08125606,8.89342793
2018-11-07T03:52:11.0000000,6509.83,6509.84,19.59125606,8.89342793
2018-11-07T03:52:11.0000000,6509.83,6509.84,12.09125606,8.89342793
2018-11-07T03:52:11.0000000,6509.83,6509.84,12.09125606,10.87942793
2018-11-07T03:52:11.0000000,6509.83,6509.84,12.09125606,12.67066485
2018-11-07T03:52:11.0000000,6509.83,6509.84,9.59125606,12.67066485
2018-11-07T03:52:11.0000000,6509.83,6509.84,9.59125606,12.5577107
2018-11-07T03:52:11.0000000,6509.83,6509.84,9.59125606,12.5577107
2018-11-07T03:52:13.0000000,6509.83,6509.84,8.43448808,12.5577107
2018-11-07T03:52:13.0000000,6509.83,6509.84,7.43448808,12.5577107
2018-11-07T03:52:13.0000000,6509.83,6509.84,7.43448808,13.5577107
2018-11-07T03:52:13.0000000,6509.83,6509.84,7.43448808,12.5577107
2018-11-07T03:52:13.0000000,6509.83,6509.84,7.43448808,13.5577107
2018-11-07T03:52:15.0000000,6509.83,6509.84,7.43448808,12.5577107
2018-11-07T03:52:15.0000000,6509.83,6509.84,7.43448808,13.5577107
2018-11-07T03:52:15.0000000,6509.83,6509.84,7.43448808,12.5577107
2018-11-07T03:52:15.0000000,6509.83,6509.84,8.43448808,12.5577107
2018-11-07T03:52:16.0000000,6509.83,6509.84,7.43448808,12.5577107
2018-11-07T03:52:16.0000000,6509.83,6509.84,7.43448808,13.5577107
2018-11-07T03:52:17.0000000,6509.83,6509.84,7.08313461,13.5577107
2018-11-07T03:52:17.0000000,6509.83,6509.84,7.08313461,12.5577107
2018-11-07T03:52:17.0000000,6509.83,6509.84,8.08313461,12.5577107
2018-11-07T03:52:19.0000000,6509.83,6509.84,7.08313461,12.5577107
2018-11-07T03:52:19.0000000,6509.83,6509.84,7.08313461,13.5577107
2018-11-07T03:52:22.0000000,6509.83,6509.84,7.08313461,12.5577107
2018-11-07T03:52:22.0000000,6509.83,6509.84,8.08313461,12.5577107
2018-11-07T03:52:23.0000000,6509.83,6509.84,8.13325113,12.5577107
2018-11-07T03:52:24.0000000,6509.83,6509.84,7.7033599,12.5577107
2018-11-07T03:52:24.0000000,6509.83,6509.84,8.2033599,12.5577107
2018-11-07T03:52:27.0000000,6509.83,6509.84,10.7033599,12.5577107
2018-11-07T03:52:27.0000000,6509.83,6509.84,10.7033599,10.5717107
2018-11-07T03:52:27.0000000,6509.83,6509.84,18.2033599,10.5717107
2018-11-07T03:52:27.0000000,6509.83,6509.84,18.6933599,10.5717107
2018-11-07T03:52:27.0000000,6509.83,6509.84,18.2033599,10.5717107
2018-11-07T03:52:29.0000000,6509.83,6509.84,18.2033599,10.42110517
2018-11-07T03:52:29.0000000,6509.83,6509.84,18.2033599,10.42110517
2018-11-07T03:52:29.0000000,6509.83,6509.84,18.2033599,8.62986825
2018-11-07T03:52:30.0000000,6509.83,6509.84,10.7033599,8.62986825
2018-11-07T03:52:30.0000000,6509.83,6509.84,10.7033599,10.61586825
2018-11-07T03:52:30.0000000,6509.83,6509.84,9.7033599,10.61586825
2018-11-07T03:52:30.0000000,6509.83,6509.84,9.7033599,11.61586825
2018-11-07T03:52:30.0000000,6509.83,6509.84,7.2033599,11.61586825
2018-11-07T03:52:30.0000000,6509.83,6509.84,7.1996599,11.61586825
2018-11-07T03:52:30.0000000,6509.83,6509.84,7.1996599,11.61586825
2018-11-07T03:52:30.0000000,6509.83,6509.84,7.1996599,9.62986825
2018-11-07T03:52:30.0000000,6509.83,6509.84,14.6996599,9.62986825
2018-11-07T03:52:30.0000000,6509.83,6509.84,14.6996599,8.62986825
2018-11-07T03:52:30.0000000,6509.83,6509.84,17.1996599,8.62986825
2018-11-07T03:52:30.0000000,6509.83,6509.84,18.1996599,8.62986825
2018-11-07T03:52:30.0000000,6509.83,6509.84,18.1996599,9.62986825
2018-11-07T03:52:31.0000000,6509.83,6509.84,18.1996599,8.62986825
2018-11-07T03:52:32.0000000,6509.83,6509.84,18.09721295,8.62986825
2018-11-07T03:52:32.0000000,6509.83,6509.84,18.09721295,8.62986825
2018-11-07T03:52:32.0000000,6509.83,6509.84,17.09721295,8.62986825
2018-11-07T03:52:32.0000000,6509.83,6509.84,17.09721295,9.62986825
2018-11-07T03:52:32.0000000,6509.83,6509.84,17.09721295,8.62986825
2018-11-07T03:52:32.0000000,6509.83,6509.84,18.09721295,8.62986825
2018-11-07T03:52:33.0000000,6509.83,6509.84,10.59721295,8.62986825
2018-11-07T03:52:33.0000000,6509.83,6509.84,9.59721295,8.62986825
2018-11-07T03:52:33.0000000,6509.83,6509.84,9.59721295,10.61586825
2018-11-07T03:52:33.0000000,6509.83,6509.84,9.59721295,11.61586825
2018-11-07T03:52:33.0000000,6509.83,6509.84,9.59721295,9.62986825
2018-11-07T03:52:33.0000000,6509.83,6509.84,7.09721295,9.62986825
2018-11-07T03:52:33.0000000,6509.83,6509.84,7.09721295,11.61586825
2018-11-07T03:52:33.0000000,6509.83,6509.84,7.09721295,13.40710517
2018-11-07T03:52:33.0000000,6509.83,6509.84,7.09721295,13.3510915
2018-11-07T03:52:33.0000000,6509.83,6509.84,7.09721295,13.3510915
2018-11-07T03:52:35.0000000,6509.83,6509.84,7.09721295,15.8510915
2018-11-07T03:52:35.0000000,6509.83,6509.84,7.09721295,15.84526647
2018-11-07T03:52:35.0000000,6509.83,6509.84,7.09721295,15.84526647
2018-11-07T03:52:35.0000000,6509.83,6509.84,7.09721295,16.84526647
2018-11-07T03:52:35.0000000,6509.83,6509.84,7.09721295,15.84526647
2018-11-07T03:52:36.0000000,6509.83,6509.84,7.09721295,16.84526647
2018-11-07T03:52:37.0000000,6509.83,6509.84,7.09721295,16.71297993
2018-11-07T03:52:37.0000000,6509.83,6509.84,7.09721295,16.71297993
2018-11-07T03:52:38.0000000,6509.83,6509.84,7.09721295,16.70564163
2018-11-07T03:52:38.0000000,6509.83,6509.84,7.09721295,16.70564163
2018-11-07T03:52:38.0000000,6509.83,6509.84,6.59721295,16.70564163
2018-11-07T03:52:40.0000000,6509.83,6509.84,6.44282718,16.70564163
2018-11-07T03:52:40.0000000,6509.83,6509.84,6.44282718,16.70564163
2018-11-07T03:52:41.0000000,6509.83,6509.84,6.44282718,20.53864163
2018-11-07T03:52:42.0000000,6509.83,6509.84,6.44282718,20.54248163
2018-11-07T03:52:43.0000000,6509.83,6509.84,6.3777543,20.54248163
2018-11-07T03:52:43.0000000,6509.83,6509.84,6.3777543,20.54248163
2018-11-07T03:52:47.0000000,6509.83,6509.84,6.3777543,20.53223919
2018-11-07T03:52:47.0000000,6509.83,6509.84,6.3777543,20.53223919
2018-11-07T03:52:48.0000000,6509.83,6509.84,6.3777543,20.51886334
2018-11-07T03:52:48.0000000,6509.83,6509.84,6.3777543,20.51886334
2018-11-07T03:52:50.0000000,6509.83,6509.84,6.3740543,20.51886334
2018-11-07T03:52:50.0000000,6509.83,6509.84,6.3740543,20.51886334
2018-11-07T03:52:51.0000000,6509.83,6509.84,6.3740543,20.50710464
2018-11-07T03:52:51.0000000,6509.83,6509.84,6.3740543,20.50710464
2018-11-07T03:52:51.0000000,6509.83,6509.84,1.75631092,20.50710464
2018-11-07T03:52:52.0000000,6509.83,6509.84,1.7061944,20.50710464
2018-11-07T03:52:52.0000000,6509.83,6509.84,1.7061944,20.47290464
2018-11-07T03:52:52.0000000,6509.83,6509.84,1.7061944,20.47290464
2018-11-07T03:52:52.0000000,6509.83,6509.84,1.27888294,20.47290464
2018-11-07T03:52:52.0000000,6509.83,6509.84,1.27888294,20.47290464
2018-11-07T03:52:53.0000000,6509.83,6509.84,1.27888294,20.97290464
2018-11-07T03:52:53.0000000,6509.83,6509.84,1.27888294,20.89760187
2018-11-07T03:52:53.0000000,6509.83,6509.84,1.27888294,20.89760187
2018-11-07T03:52:53.0000000,6509.83,6509.84,1.27888294,20.8871592
2018-11-07T03:52:53.0000000,6509.83,6509.84,1.27888294,20.8871592
2018-11-07T03:52:54.0000000,6509.83,6509.84,1.27888294,20.85041269
2018-11-07T03:52:54.0000000,6509.83,6509.84,1.27888294,20.85041269
2018-11-07T03:52:54.0000000,6509.83,6509.84,1.27888294,20.84383864
2018-11-07T03:52:54.0000000,6509.83,6509.84,1.27888294,20.84383864
2018-11-07T03:52:55.0000000,6509.83,6509.84,1.27888294,20.34383864
2018-11-07T03:52:55.0000000,6509.83,6509.84,1.27888294,20.33650034
2018-11-07T03:52:55.0000000,6509.83,6509.84,1.27888294,20.33650034
2018-11-07T03:52:57.0000000,6509.83,6509.84,1.27888294,20.23361132
2018-11-07T03:52:57.0000000,6509.83,6509.84,1.27888294,20.23361132
2018-11-07T03:52:57.0000000,6509.83,6509.84,1.27888294,20.2005393
2018-11-07T03:52:57.0000000,6509.83,6509.84,1.27888294,20.2005393
2018-11-07T03:53:01.0000000,6509.83,6509.84,1.2,20.2005393
2018-11-07T03:53:01.0000000,6509.83,6509.84,1.1272013,20.2005393
2018-11-07T03:53:01.0000000,6509.83,6509.84,1.1272013,20.2005393
2018-11-07T03:53:02.0000000,6509.83,6509.84,1.1272013,20.2028435
2018-11-07T03:53:02.0000000,6509.83,6509.84,1.1272013,20.2005393
2018-11-07T03:53:03.0000000,6509.83,6509.84,1.1272013,20.1814316
2018-11-07T03:53:03.0000000,6509.83,6509.84,1.1272013,20.1814316
2018-11-07T03:53:04.0000000,6509.83,6509.84,1.1272013,20.16702708
2018-11-07T03:53:04.0000000,6509.83,6509.84,1.1272013,20.16702708
2018-11-07T03:53:05.0000000,6509.83,6509.84,0.9,20.16702708
2018-11-07T03:53:05.0000000,6509.83,6509.84,0.9,20.16702708
2018-11-07T03:53:05.0000000,6509.83,6509.84,0.65354575,20.16702708
2018-11-07T03:53:05.0000000,6509.83,6509.84,0.65354575,20.16702708
2018-11-07T03:53:05.0000000,6509.83,6509.84,0.65354575,17.66702708
2018-11-07T03:53:05.0000000,6509.83,6509.84,0.65354575,17.60678456
2018-11-07T03:53:05.0000000,6509.83,6509.84,0.65354575,17.60678456
2018-11-07T03:53:06.0000000,6509.83,6509.84,0.65354575,18.40678456
2018-11-07T03:53:06.0000000,6509.83,6509.84,0.65354575,20.90678456
2018-11-07T03:53:06.0000000,6509.83,6509.84,0.64582646,20.90678456
2018-11-07T03:53:06.0000000,6509.83,6509.84,0.64582646,20.90678456
2018-11-07T03:53:07.0000000,6509.83,6509.84,0.64582646,20.88150328
2018-11-07T03:53:07.0000000,6509.83,6509.84,0.64582646,20.88150328
2018-11-07T03:53:07.0000000,6509.83,6509.84,0.64582646,18.38150328
2018-11-07T03:53:09.0000000,6509.83,6509.84,0.64582646,20.88150328
2018-11-07T03:53:10.0000000,6509.83,6509.84,0.64582646,20.38150328
2018-11-07T03:53:10.0000000,6509.83,6509.84,0.64582646,20.38150328
2018-11-07T03:53:10.0000000,6509.83,6509.84,0.64212646,20.38150328
2018-11-07T03:53:10.0000000,6509.83,6509.84,0.64212646,20.38150328
2018-11-07T03:53:12.0000000,6509.83,6509.84,0.64212646,17.88150328
2018-11-07T03:53:13.0000000,6509.83,6509.84,0.64212646,17.87064945
2018-11-07T03:53:13.0000000,6509.83,6509.84,0.64212646,17.87064945
2018-11-07T03:53:16.0000000,6509.83,6509.84,0.64212646,20.37064945
2018-11-07T03:53:16.0000000,6509.83,6509.84,0.64212646,20.30674465
2018-11-07T03:53:16.0000000,6509.83,6509.84,0.64212646,20.30674465
2018-11-07T03:53:17.0000000,6509.83,6509.84,0.64212646,20.29940635
2018-11-07T03:53:17.0000000,6509.83,6509.84,0.64212646,20.29940635
2018-11-07T03:53:17.0000000,6509.83,6509.84,0.64212646,20.29206805
2018-11-07T03:53:17.0000000,6509.83,6509.84,0.64212646,20.29206805
2018-11-07T03:53:17.0000000,6509.83,6509.84,0.64212646,20.28647498
2018-11-07T03:53:17.0000000,6509.83,6509.84,0.64212646,20.28647498
2018-11-07T03:53:17.0000000,6509.83,6509.84,0.64212646,20.24605397
2018-11-07T03:53:17.0000000,6509.83,6509.84,0.64212646,20.24605397
2018-11-07T03:53:17.0000000,6509.83,6509.84,0.64212646,20.25605397
2018-11-07T03:53:17.0000000,6509.83,6509.84,0.64212646,17.75605397
2018-11-07T03:53:18.0000000,6509.83,6509.84,0.64212646,17.75376052
2018-11-07T03:53:18.0000000,6509.83,6509.84,0.64212646,17.75376052
2018-11-07T03:53:19.0000000,6509.83,6509.84,0.64212646,20.25376052
2018-11-07T03:53:20.0000000,6509.83,6509.84,0.64212646,20.17845775
2018-11-07T03:53:20.0000000,6509.83,6509.84,0.64212646,20.17845775
2018-11-07T03:53:21.0000000,6509.83,6509.84,0.64212646,17.67845775
2018-11-07T03:53:22.0000000,6509.83,6509.84,0.64212646,17.83145775
2018-11-07T03:53:22.0000000,6509.83,6509.84,0.64212646,17.75796472
2018-11-07T03:53:22.0000000,6509.83,6509.84,0.64212646,17.75796472
2018-11-07T03:53:23.0000000,6509.83,6509.84,0.64212646,16.75796472
2018-11-07T03:53:24.0000000,6509.83,6509.84,0.64212646,17.75796472
2018-11-07T03:53:25.0000000,6509.83,6509.84,0.64212646,20.25796472
2018-11-07T03:53:25.0000000,6509.83,6509.84,0.64212646,20.26873453
2018-11-07T03:53:26.0000000,6509.83,6509.84,0.64212646,20.26139623
2018-11-07T03:53:26.0000000,6509.83,6509.84,0.64212646,20.26139623
2018-11-07T03:53:28.0000000,6509.83,6509.84,0.48912646,20.26139623
2018-11-07T03:53:28.0000000,6509.83,6509.84,0.48912646,20.26139623
2018-11-07T03:53:28.0000000,6509.83,6509.84,0.48912646,20.10839623
2018-11-07T03:53:30.0000000,6509.83,6509.84,0.48542646,20.10839623
2018-11-07T03:53:30.0000000,6509.83,6509.84,0.48542646,20.10839623
2018-11-07T03:53:32.0000000,6509.83,6509.84,0.48542646,20.0349032
2018-11-07T03:53:32.0000000,6509.83,6509.84,0.48542646,20.0349032
2018-11-07T03:53:33.0000000,6509.83,6509.84,0.47127379,20.0349032
2018-11-07T03:53:33.0000000,6509.83,6509.84,0.47127379,20.0349032
2018-11-07T03:53:33.0000000,6509.83,6509.84,0.43511664,20.0349032
2018-11-07T03:53:33.0000000,6509.83,6509.84,0.43511664,20.0349032
2018-11-07T03:53:37.0000000,6509.83,6509.84,0.43511664,20.03062189
2018-11-07T03:53:37.0000000,6509.83,6509.84,0.43511664,20.03062189
2018-11-07T03:53:38.0000000,6509.83,6509.84,0.35894322,20.03062189
2018-11-07T03:53:38.0000000,6509.83,6509.84,0.35894322,20.03062189
2018-11-07T03:53:44.0000000,6509.83,6509.84,0,20.03062189
2018-11-07T03:53:44.0000000,6509.03,6509.84,0,20.03062189
2018-11-07T03:53:44.0000000,6509.03,6509.84,0,20.03062189
2018-11-07T03:53:44.0000000,6507.82,6509.84,0,20.03062189
2018-11-07T03:53:44.0000000,6507.82,6509.84,0,20.03062189
2018-11-07T03:53:44.0000000,6507.82,6509.84,0,19.23062189
2018-11-07T03:53:44.0000000,6507.82,6509.84,0,17.43938497
2018-11-07T03:53:44.0000000,6507.36,6509.84,0,17.43938497
2018-11-07T03:53:44.0000000,6507.36,6509.84,0,15.45338497
2018-11-07T03:53:44.0000000,6507.36,6509.84,0,15.45338497
2018-11-07T03:53:44.0000000,6507.36,6509.84,0,15.30038497
2018-11-07T03:53:45.0000000,6507.36,6509.84,0,15.28961516
2018-11-07T03:53:45.0000000,6507.36,6509.84,0,14.28961516
2018-11-07T03:53:45.0000000,6507.36,6509.84,0,10.45661516
2018-11-07T03:53:48.0000000,6507.36,6509.84,0.8,10.45661516
2018-11-07T03:53:48.0000000,6507.36,6509.84,0,10.45661516
2018-11-07T03:53:48.0000000,6507.36,6509.84,0.8,10.45661516
2018-11-07T03:53:48.0000000,6507.36,6509.84,0,10.45661516
2018-11-07T03:53:48.0000000,6506.01,6507.38,0,10.45661516
2018-11-07T03:53:48.0000000,6506.01,6507.38,0,0
2018-11-07T03:53:49.0000000,6506.01,6507.38,0,1
2018-11-07T03:53:49.0000000,6506.01,6507.38,0,0
2018-11-07T03:53:49.0000000,6506.01,6507.38,0,1.972
2018-11-07T03:53:49.0000000,6506.01,6507.38,0,0
2018-11-07T03:53:49.0000000,6506.02,6507.35,0,0
2018-11-07T03:53:49.0000000,6506.02,6507.35,0,0
2018-11-07T03:53:49.0000000,6506.02,6507.35,0,1
2018-11-07T03:53:49.0000000,6506.02,6507.35,0,1
2018-11-07T03:53:49.0000000,6506.02,6507.35,0,0
2018-11-07T03:53:50.0000000,6506.01,6507.3,0,0
2018-11-07T03:53:50.0000000,6506.01,6507.3,0,0
2018-11-07T03:53:50.0000000,6506.01,6507.3,0,0.75590449
2018-11-07T03:53:50.0000000,6506.01,6507.3,0,0
2018-11-07T03:53:50.0000000,6506.01,6507.3,0.00954874,0
2018-11-07T03:53:50.0000000,6506.07,6507.43,0.00954874,0
2018-11-07T03:53:51.0000000,6506.07,6507.43,3.4963,0
2018-11-07T03:53:51.0000000,6506.07,6507.43,3.4963,0
2018-11-07T03:53:51.0000000,6506.07,6507.43,3.4963,2
2018-11-07T03:53:51.0000000,6506.07,6507.43,3.4963,3
2018-11-07T03:53:51.0000000,6506.07,6507.43,3.4963,10.5
2018-11-07T03:53:51.0000000,6506.07,6507.43,3.4963,10.46296
2018-11-07T03:53:51.0000000,6507.43,6507.44,3.4963,10.46296
2018-11-07T03:53:51.0000000,6507.43,6507.44,2.96296,10.46296
2018-11-07T03:53:51.0000000,6507.43,6507.44,5.46296,10.46296
2018-11-07T03:53:52.0000000,6507.43,6507.44,5.46296,1.909
2018-11-07T03:53:52.0000000,6507.43,6507.44,5.46296,1.68548617
2018-11-07T03:53:52.0000000,6507.43,6507.44,5.46296,1.68548617
2018-11-07T03:53:52.0000000,6507.43,6507.44,5.84713624,1.68548617
2018-11-07T03:53:52.0000000,6507.43,6507.44,6.33713624,1.68548617
2018-11-07T03:53:52.0000000,6507.43,6507.44,5.33713624,1.68548617
2018-11-07T03:53:52.0000000,6507.43,6507.44,6.33713624,1.68548617
2018-11-07T03:53:52.0000000,6507.43,6507.44,5.84713624,1.68548617
2018-11-07T03:53:52.0000000,6507.43,6507.44,5.46296,1.68548617
2018-11-07T03:53:52.0000000,6507.43,6507.44,4.46296,1.68548617
2018-11-07T03:53:52.0000000,6507.43,6507.44,4.84713624,1.68548617
2018-11-07T03:53:52.0000000,6507.43,6507.44,4.84713624,2.68548617
2018-11-07T03:53:52.0000000,6507.43,6507.44,5.84713624,2.68548617
2018-11-07T03:53:52.0000000,6507.43,6507.44,5.84713624,1.68548617
2018-11-07T03:53:52.0000000,6507.43,6507.44,4.84713624,1.68548617
2018-11-07T03:53:52.0000000,6507.43,6507.44,4.46296,1.68548617
2018-11-07T03:53:52.0000000,6507.43,6507.44,4.46296,2.68548617
2018-11-07T03:53:52.0000000,6507.43,6507.44,4.84713624,2.68548617
2018-11-07T03:53:53.0000000,6507.43,6507.44,4.85054958,2.68548617
2018-11-07T03:53:53.0000000,6507.43,6507.44,4.85054958,2.6549163
2018-11-07T03:53:53.0000000,6507.43,6507.44,4.85054958,2.6549163
2018-11-07T03:53:53.0000000,6507.43,6507.44,2.88758958,2.6549163
2018-11-07T03:53:53.0000000,6507.43,6507.44,2.88758958,1
2018-11-07T03:53:53.0000000,6507.43,6507.44,2.50341334,1
2018-11-07T03:53:53.0000000,6507.43,6507.44,10.00341334,1
2018-11-07T03:53:53.0000000,6507.43,6507.44,10.00341334,0.99312178
2018-11-07T03:53:53.0000000,6507.43,6507.44,10.00341334,0.99312178
2018-11-07T03:53:53.0000000,6507.43,6507.44,10.00341334,0
2018-11-07T03:53:53.0000000,6507.43,6507.44,2.50341334,0
2018-11-07T03:53:53.0000000,6507.43,6507.44,2.88758958,0
2018-11-07T03:53:53.0000000,6507.43,6507.44,3.88758958,0
2018-11-07T03:53:53.0000000,6507.43,6507.44,2.88758958,0
2018-11-07T03:53:53.0000000,6507.43,6507.44,10.38758958,0
2018-11-07T03:53:53.0000000,6507.43,6507.44,10.38758958,1
2018-11-07T03:53:53.0000000,6507.43,6507.44,2.88758958,1
2018-11-07T03:53:53.0000000,6507.43,6507.44,2.88758958,0
2018-11-07T03:53:53.0000000,6507.43,6507.44,2.88758958,7.5
2018-11-07T03:53:53.0000000,6507.43,6507.44,2.88758958,0
2018-11-07T03:53:54.0000000,6507.43,6507.44,2.50341334,0
2018-11-07T03:53:55.0000000,6507.43,6507.44,2.5,0
2018-11-07T03:53:56.0000000,6507.43,6507.44,0,0
2018-11-07T03:53:57.0000000,6507.7,6507.71,0,0
2018-11-07T03:53:57.0000000,6507.7,6507.71,2.50283708,0
2018-11-07T03:53:58.0000000,6507.7,6507.71,2.50283708,3.706
2018-11-07T03:53:58.0000000,6507.7,6507.71,2.50283708,2.706
2018-11-07T03:53:58.0000000,6507.7,6507.71,2.50283708,1.706
2018-11-07T03:53:58.0000000,6507.7,6507.71,2.50283708,2.706
2018-11-07T03:53:59.0000000,6507.7,6507.71,2.50283708,1.051
2018-11-07T03:53:59.0000000,6507.7,6507.71,10.00283708,1.051
2018-11-07T03:53:59.0000000,6507.7,6507.71,2.50283708,1.051
2018-11-07T03:53:59.0000000,6507.7,6507.71,2.50283708,0.051
2018-11-07T03:53:59.0000000,6507.7,6507.71,2.50283708,0.204
2018-11-07T03:53:59.0000000,6507.7,6507.71,10.00283708,0.204
2018-11-07T03:53:59.0000000,6507.7,6507.71,2.50283708,0.204
2018-11-07T03:53:59.0000000,6507.7,6507.71,3.50283708,0.204
2018-11-07T03:53:59.0000000,6507.7,6507.71,3.50283708,1.859
2018-11-07T03:53:59.0000000,6507.7,6507.71,2.50283708,1.859
2018-11-07T03:53:59.0000000,6507.7,6507.71,2.50283708,2.859
2018-11-07T03:53:59.0000000,6507.7,6507.71,2.99283708,2.859
2018-11-07T03:53:59.0000000,6507.7,6507.71,2.99283708,1.204
2018-11-07T03:53:59.0000000,6507.7,6507.71,10.49283708,1.204
2018-11-07T03:53:59.0000000,6507.7,6507.71,10.00283708,1.204
2018-11-07T03:53:59.0000000,6507.7,6507.71,10.00283708,0.204
2018-11-07T03:53:59.0000000,6507.7,6507.71,11.00283708,0.204
2018-11-07T03:53:59.0000000,6507.7,6507.71,11.49283708,0.204
2018-11-07T03:53:59.0000000,6507.7,6507.71,3.99283708,0.204
2018-11-07T03:53:59.0000000,6507.7,6507.71,3.99283708,1.859
2018-11-07T03:54:00.0000000,6507.7,6507.71,2.99283708,1.859
2018-11-07T03:54:00.0000000,6507.7,6507.71,2.99283708,2.859
2018-11-07T03:54:00.0000000,6507.7,6507.71,10.49283708,2.859
2018-11-07T03:54:00.0000000,6507.7,6507.71,10.00283708,2.859
2018-11-07T03:54:00.0000000,6507.7,6507.71,2.50283708,2.859
2018-11-07T03:54:00.0000000,6507.7,6507.71,2.50283708,1.204
2018-11-07T03:54:00.0000000,6507.7,6507.71,2.50283708,0.204
2018-11-07T03:54:00.0000000,6507.7,6507.71,10.00283708,0.204
2018-11-07T03:54:00.0000000,6507.7,6507.71,2.50283708,0.204
2018-11-07T03:54:00.0000000,6507.7,6507.71,3.50283708,0.204
2018-11-07T03:54:00.0000000,6507.7,6507.71,2.50283708,0.204
2018-11-07T03:54:00.0000000,6507.7,6507.71,2.50283708,2.06732249
2018-11-07T03:54:00.0000000,6507.7,6507.71,2.99283708,2.06732249
2018-11-07T03:54:00.0000000,6507.7,6507.71,2.50283708,2.06732249
2018-11-07T03:54:00.0000000,6507.7,6507.71,2.50283708,3.72232249
2018-11-07T03:54:00.0000000,6507.7,6507.71,2.50283708,2.06732249
2018-11-07T03:54:00.0000000,6507.7,6507.71,10.00283708,2.06732249
2018-11-07T03:54:00.0000000,6507.7,6507.71,2.50283708,2.06732249
2018-11-07T03:54:00.0000000,6507.7,6507.71,2.50283708,3.72232249
2018-11-07T03:54:00.0000000,6507.7,6507.71,2.50283708,4.72232249
2018-11-07T03:54:00.0000000,6507.7,6507.71,2.50283708,3.06732249
2018-11-07T03:54:00.0000000,6507.7,6507.71,3.50283708,3.06732249
2018-11-07T03:54:00.0000000,6507.7,6507.71,3.50283708,2.06732249
2018-11-07T03:54:00.0000000,6507.7,6507.71,11.00283708,2.06732249
2018-11-07T03:54:00.0000000,6507.7,6507.71,10.00283708,2.06732249
2018-11-07T03:54:00.0000000,6507.7,6507.71,10.00283708,3.06732249
2018-11-07T03:54:00.0000000,6507.7,6507.71,2.50283708,3.06732249
2018-11-07T03:54:00.0000000,6507.7,6507.71,2.50283708,2.06732249
2018-11-07T03:54:00.0000000,6507.7,6507.71,3.50283708,2.06732249
2018-11-07T03:54:00.0000000,6507.7,6507.71,11.00283708,2.06732249
2018-11-07T03:54:00.0000000,6507.7,6507.71,3.50283708,2.06732249
2018-11-07T03:54:00.0000000,6507.7,6507.71,2.50283708,2.06732249
2018-11-07T03:54:00.0000000,6507.7,6507.71,2.50283708,3.06732249
2018-11-07T03:54:00.0000000,6507.7,6507.71,2.50283708,4.72232249
2018-11-07T03:54:00.0000000,6507.7,6507.71,2.50283708,3.06732249
2018-11-07T03:54:00.0000000,6507.7,6507.71,10.00283708,3.06732249
2018-11-07T03:54:00.0000000,6507.7,6507.71,10.00283708,2.06732249
2018-11-07T03:54:00.0000000,6507.7,6507.71,11.00283708,2.06732249
2018-11-07T03:54:00.0000000,6507.7,6507.71,3.50283708,2.06732249
2018-11-07T03:54:00.0000000,6507.7,6507.71,2.50283708,2.06732249
2018-11-07T03:54:00.0000000,6507.7,6507.71,10.00283708,2.06732249
2018-11-07T03:54:00.0000000,6507.7,6507.71,10.00283708,3.06732249
2018-11-07T03:54:00.0000000,6507.7,6507.71,10.00283708,2.06732249
2018-11-07T03:54:00.0000000,6507.7,6507.71,11.00283708,2.06732249
2018-11-07T03:54:00.0000000,6507.7,6507.71,3.50283708,2.06732249
2018-11-07T03:54:00.0000000,6507.7,6507.71,2.50283708,2.06732249
2018-11-07T03:54:00.0000000,6507.7,6507.71,2.50283708,3.06732249
2018-11-07T03:54:00.0000000,6507.7,6507.71,10.00283708,3.06732249
2018-11-07T03:54:00.0000000,6507.7,6507.71,10.00283708,2.06732249
2018-11-07T03:54:00.0000000,6507.7,6507.71,2.50283708,2.06732249
2018-11-07T03:54:00.0000000,6507.7,6507.71,3.50283708,2.06732249
2018-11-07T03:54:00.0000000,6507.7,6507.71,3.50283708,3.72232249
2018-11-07T03:54:00.0000000,6507.7,6507.71,2.50283708,3.72232249
2018-11-07T03:54:00.0000000,6507.7,6507.71,2.50283708,4.72232249
2018-11-07T03:54:00.0000000,6507.7,6507.71,2.50283708,3.06732249
2018-11-07T03:54:00.0000000,6507.7,6507.71,10.00283708,3.06732249
2018-11-07T03:54:00.0000000,6507.7,6507.71,10.00283708,2.06732249
2018-11-07T03:54:00.0000000,6507.7,6507.71,11.00283708,2.06732249
2018-11-07T03:54:00.0000000,6507.7,6507.71,3.50283708,2.06732249
2018-11-07T03:54:00.0000000,6507.7,6507.71,2.50283708,2.06732249
2018-11-07T03:54:00.0000000,6507.7,6507.71,2.50283708,3.72232249
2018-11-07T03:54:00.0000000,6507.7,6507.71,2.50283708,2.06732249
2018-11-07T03:54:00.0000000,6507.7,6507.71,2.50283708,3.06732249
2018-11-07T03:54:00.0000000,6507.7,6507.71,2.50283708,3.10216639
2018-11-07T03:54:01.0000000,6507.7,6507.71,10.00283708,3.10216639
2018-11-07T03:54:01.0000000,6507.7,6507.71,10.00283708,2.10216639
2018-11-07T03:54:01.0000000,6507.7,6507.71,2.50283708,2.10216639
2018-11-07T03:54:01.0000000,6507.7,6507.71,2.50283708,0.2388439
2018-11-07T03:54:01.0000000,6507.7,6507.71,3.50283708,0.2388439
2018-11-07T03:54:01.0000000,6507.7,6507.71,3.50283708,1.8938439
2018-11-07T03:54:01.0000000,6507.7,6507.71,2.50283708,1.8938439
2018-11-07T03:54:01.0000000,6507.7,6507.71,2.50283708,2.8938439
2018-11-07T03:54:01.0000000,6507.7,6507.71,2.50283708,1.2388439
2018-11-07T03:54:01.0000000,6507.7,6507.71,10.00283708,1.2388439
2018-11-07T03:54:01.0000000,6507.7,6507.71,10.00283708,0.2388439
2018-11-07T03:54:01.0000000,6507.7,6507.71,11.00283708,0.2388439
2018-11-07T03:54:01.0000000,6507.7,6507.71,3.50283708,0.2388439
2018-11-07T03:54:01.0000000,6507.7,6507.71,3.50283708,1.8938439
2018-11-07T03:54:01.0000000,6507.7,6507.71,2.50283708,1.8938439
2018-11-07T03:54:01.0000000,6507.7,6507.71,2.50283708,2.8938439
2018-11-07T03:54:01.0000000,6507.7,6507.71,2.50283708,1.2388439
2018-11-07T03:54:01.0000000,6507.7,6507.71,2.50283708,2.8938439
2018-11-07T03:54:01.0000000,6507.7,6507.71,2.50283708,1.2388439
2018-11-07T03:54:01.0000000,6507.7,6507.71,10.00283708,1.2388439
2018-11-07T03:54:01.0000000,6507.7,6507.71,2.50283708,1.2388439
2018-11-07T03:54:01.0000000,6507.7,6507.71,2.50283708,0.2388439
2018-11-07T03:54:01.0000000,6507.7,6507.71,2.99283708,0.2388439
2018-11-07T03:54:01.0000000,6507.7,6507.71,3.99283708,0.2388439
2018-11-07T03:54:01.0000000,6507.7,6507.71,2.99283708,0.2388439
2018-11-07T03:54:01.0000000,6507.7,6507.71,2.50283708,0.2388439
2018-11-07T03:54:01.0000000,6507.7,6507.71,2.50283708,1.2388439
2018-11-07T03:54:01.0000000,6507.7,6507.71,2.50283708,2.8938439
2018-11-07T03:54:01.0000000,6507.7,6507.71,2.50283708,1.2388439
2018-11-07T03:54:01.0000000,6507.7,6507.71,2.99283708,1.2388439
2018-11-07T03:54:01.0000000,6507.7,6507.71,2.99283708,0.2388439
2018-11-07T03:54:01.0000000,6507.7,6507.71,2.99283708,1.8938439
2018-11-07T03:54:01.0000000,6507.7,6507.71,2.99283708,2.8938439
2018-11-07T03:54:01.0000000,6507.7,6507.71,2.99283708,1.2388439
2018-11-07T03:54:01.0000000,6507.7,6507.71,2.99283708,0.2388439
2018-11-07T03:54:01.0000000,6507.7,6507.71,10.49283708,0.2388439
2018-11-07T03:54:01.0000000,6507.7,6507.71,11.49283708,0.2388439
2018-11-07T03:54:01.0000000,6507.7,6507.71,11.49283708,1.2388439
2018-11-07T03:54:01.0000000,6507.7,6507.71,10.49283708,1.2388439
2018-11-07T03:54:01.0000000,6507.7,6507.71,10.49283708,0.2388439
2018-11-07T03:54:01.0000000,6507.7,6507.71,2.99283708,0.2388439
2018-11-07T03:54:01.0000000,6507.7,6507.71,3.99283708,0.2388439
2018-11-07T03:54:01.0000000,6507.7,6507.71,3.99283708,1.8938439
2018-11-07T03:54:01.0000000,6507.7,6507.71,2.99283708,1.8938439
2018-11-07T03:54:01.0000000,6507.7,6507.71,2.99514204,1.8938439
2018-11-07T03:54:01.0000000,6507.7,6507.71,2.99514204,0.2388439
2018-11-07T03:54:01.0000000,6507.7,6507.71,2.99514204,1.2388439
2018-11-07T03:54:01.0000000,6507.7,6507.71,2.50514204,1.2388439
2018-11-07T03:54:01.0000000,6507.7,6507.71,2.50514204,2.8938439
2018-11-07T03:54:01.0000000,6507.7,6507.71,2.50514204,1.2388439
2018-11-07T03:54:01.0000000,6507.7,6507.71,2.50283708,1.2388439
2018-11-07T03:54:01.0000000,6507.7,6507.71,2.99283708,1.2388439
2018-11-07T03:54:01.0000000,6507.7,6507.71,2.50283708,1.2388439
2018-11-07T03:54:01.0000000,6507.7,6507.71,10.00283708,1.2388439
2018-11-07T03:54:01.0000000,6507.7,6507.71,10.00283708,0.2388439
2018-11-07T03:54:01.0000000,6507.7,6507.71,11.00283708,0.2388439
2018-11-07T03:54:01.0000000,6507.7,6507.71,3.50283708,0.2388439
2018-11-07T03:54:01.0000000,6507.7,6507.71,3.99283708,0.2388439
2018-11-07T03:54:01.0000000,6507.7,6507.71,3.99283708,1.8938439
2018-11-07T03:54:01.0000000,6507.7,6507.71,2.99283708,1.8938439
2018-11-07T03:54:01.0000000,6507.7,6507.71,2.99283708,2.8938439
2018-11-07T03:54:01.0000000,6507.7,6507.71,2.99283708,1.2388439
2018-11-07T03:54:01.0000000,6507.7,6507.71,10.49283708,1.2388439
2018-11-07T03:54:01.0000000,6507.7,6507.71,10.49283708,0.2388439
2018-11-07T03:54:01.0000000,6507.7,6507.71,10.00283708,0.2388439
2018-11-07T03:54:01.0000000,6507.7,6507.71,11.00283708,0.2388439
2018-11-07T03:54:02.0000000,6507.7,6507.71,11.49283708,0.2388439
2018-11-07T03:54:02.0000000,6507.7,6507.71,3.99283708,0.2388439
2018-11-07T03:54:02.0000000,6507.7,6507.71,3.99283708,1.8938439
2018-11-07T03:54:02.0000000,6507.7,6507.71,3.99283708,0.2388439
2018-11-07T03:54:02.0000000,6507.7,6507.71,11.49283708,0.2388439
2018-11-07T03:54:02.0000000,6507.7,6507.71,3.99283708,0.2388439
2018-11-07T03:54:02.0000000,6507.7,6507.71,2.99283708,0.2388439
2018-11-07T03:54:02.0000000,6507.7,6507.71,10.49283708,0.2388439
2018-11-07T03:54:02.0000000,6507.7,6507.71,2.99283708,0.2388439
2018-11-07T03:54:02.0000000,6507.7,6507.71,10.49283708,0.2388439
2018-11-07T03:54:02.0000000,6507.7,6507.71,10.49283708,1.2388439
2018-11-07T03:54:02.0000000,6507.7,6507.71,11.49283708,1.2388439
2018-11-07T03:54:02.0000000,6507.7,6507.71,11.49283708,0.2388439
2018-11-07T03:54:02.0000000,6507.7,6507.71,10.49283708,0.2388439
2018-11-07T03:54:02.0000000,6507.7,6507.71,11.49283708,0.2388439
2018-11-07T03:54:02.0000000,6507.7,6507.71,3.99283708,0.2388439
2018-11-07T03:54:02.0000000,6507.7,6507.71,3.99283708,1.8938439
2018-11-07T03:54:02.0000000,6507.7,6507.71,2.99283708,1.8938439
2018-11-07T03:54:02.0000000,6507.7,6507.71,2.99283708,0.2388439
2018-11-07T03:54:02.0000000,6507.7,6507.71,10.49283708,0.2388439
2018-11-07T03:54:02.0000000,6507.7,6507.71,10.49283708,1.2388439
2018-11-07T03:54:02.0000000,6507.7,6507.71,11.49283708,1.2388439
2018-11-07T03:54:02.0000000,6507.7,6507.71,11.49283708,0.2388439
2018-11-07T03:54:02.0000000,6507.7,6507.71,3.99283708,0.2388439
2018-11-07T03:54:02.0000000,6507.7,6507.71,3.99283708,1.8938439
2018-11-07T03:54:02.0000000,6507.7,6507.71,2.99283708,1.8938439
2018-11-07T03:54:02.0000000,6507.7,6507.71,2.99283708,0.2388439
2018-11-07T03:54:02.0000000,6507.7,6507.71,10.49283708,0.2388439
2018-11-07T03:54:02.0000000,6507.7,6507.71,10.49283708,1.2388439
2018-11-07T03:54:02.0000000,6507.7,6507.71,10.49283708,0.2388439
2018-11-07T03:54:02.0000000,6507.7,6507.71,11.49283708,0.2388439
2018-11-07T03:54:03.0000000,6507.7,6507.71,3.99283708,0.2388439
2018-11-07T03:54:03.0000000,6507.7,6507.71,2.99283708,0.2388439
2018-11-07T03:54:03.0000000,6507.7,6507.71,2.99283708,1.8938439
2018-11-07T03:54:03.0000000,6507.7,6507.71,2.99283708,0.2388439
2018-11-07T03:54:03.0000000,6507.7,6507.71,10.49283708,0.2388439
2018-11-07T03:54:03.0000000,6507.7,6507.71,10.49283708,1.2388439
2018-11-07T03:54:03.0000000,6507.7,6507.71,11.49283708,1.2388439
2018-11-07T03:54:03.0000000,6507.7,6507.71,11.49283708,0.2388439
2018-11-07T03:54:03.0000000,6507.7,6507.71,11.49283708,0.2020853
2018-11-07T03:54:03.0000000,6507.7,6507.71,11.49283708,0.2020853
2018-11-07T03:54:03.0000000,6507.7,6507.71,3.99283708,0.2020853
2018-11-07T03:54:03.0000000,6507.7,6507.71,5.99283708,0.2020853
2018-11-07T03:54:03.0000000,6507.7,6507.71,5.99283708,1.8570853
2018-11-07T03:54:03.0000000,6507.7,6507.71,5.99283708,0.2020853
2018-11-07T03:54:03.0000000,6507.7,6507.71,5.99283708,1.8570853
2018-11-07T03:54:03.0000000,6507.7,6507.71,4.99283708,1.8570853
2018-11-07T03:54:03.0000000,6507.7,6507.71,4.99283708,2.8570853
2018-11-07T03:54:03.0000000,6507.7,6507.71,5.34430555,2.8570853
2018-11-07T03:54:03.0000000,6507.7,6507.71,5.34430555,1.8570853
2018-11-07T03:54:03.0000000,6507.7,6507.71,6.34430555,1.8570853
2018-11-07T03:54:03.0000000,6507.7,6507.71,6.34430555,2.8570853
2018-11-07T03:54:03.0000000,6507.7,6507.71,5.34430555,2.8570853
2018-11-07T03:54:04.0000000,6507.7,6507.71,5.34430555,1.8570853
2018-11-07T03:54:04.0000000,6507.7,6507.71,5.34430555,2.8570853
2018-11-07T03:54:04.0000000,6507.7,6507.71,5.34430555,1.8570853
2018-11-07T03:54:04.0000000,6507.7,6507.71,5.34430555,2.8570853
2018-11-07T03:54:04.0000000,6507.7,6507.71,6.34430555,2.8570853
2018-11-07T03:54:04.0000000,6507.7,6507.71,6.34430555,1.8570853
2018-11-07T03:54:04.0000000,6507.7,6507.71,5.34430555,1.8570853
2018-11-07T03:54:04.0000000,6507.7,6507.71,5.34430555,2.8570853
2018-11-07T03:54:04.0000000,6507.7,6507.71,5.34430555,1.8570853
2018-11-07T03:54:04.0000000,6507.7,6507.71,5.34430555,2.8570853
2018-11-07T03:54:04.0000000,6507.7,6507.71,5.34430555,2.97213362
2018-11-07T03:54:04.0000000,6507.7,6507.71,5.34430555,1.97213362
2018-11-07T03:54:04.0000000,6507.7,6507.71,6.34430555,1.97213362
2018-11-07T03:54:04.0000000,6507.7,6507.71,6.34661051,1.97213362
2018-11-07T03:54:04.0000000,6507.7,6507.71,6.34430555,1.97213362
2018-11-07T03:54:04.0000000,6507.7,6507.71,5.34430555,1.97213362
2018-11-07T03:54:04.0000000,6507.7,6507.71,5.34430555,2.97213362
2018-11-07T03:54:05.0000000,6507.7,6507.71,5.34430555,1.97213362
2018-11-07T03:54:05.0000000,6507.7,6507.71,5.34430555,2.97213362
2018-11-07T03:54:05.0000000,6507.7,6507.71,5.34430555,3.12413362
2018-11-07T03:54:05.0000000,6507.7,6507.71,5.34430555,3.10989222
2018-11-07T03:54:05.0000000,6507.7,6507.71,5.34430555,3.10989222
2018-11-07T03:54:05.0000000,6507.7,6507.71,5.34430555,3.09472644
2018-11-07T03:54:05.0000000,6507.7,6507.71,5.34430555,3.09472644
2018-11-07T03:54:05.0000000,6507.7,6507.71,3.34430555,3.09472644
2018-11-07T03:54:05.0000000,6507.7,6507.71,3.34430555,2.95689222
2018-11-07T03:54:05.0000000,6507.7,6507.71,3.34430555,1.30189222
2018-11-07T03:54:05.0000000,6507.7,6507.71,10.84430555,1.30189222
2018-11-07T03:54:05.0000000,6507.7,6507.71,3.34430555,1.30189222
2018-11-07T03:54:05.0000000,6507.7,6507.71,3.34430555,0.30189222
2018-11-07T03:54:05.0000000,6507.7,6507.71,4.34430555,0.30189222
2018-11-07T03:54:05.0000000,6507.7,6507.71,3.34430555,0.30189222
2018-11-07T03:54:05.0000000,6507.7,6507.71,4.34430555,0.30189222
2018-11-07T03:54:05.0000000,6507.7,6507.71,11.84430555,0.30189222
2018-11-07T03:54:05.0000000,6507.7,6507.71,4.34430555,0.30189222
2018-11-07T03:54:05.0000000,6507.7,6507.71,3.34430555,0.30189222
2018-11-07T03:54:05.0000000,6507.7,6507.71,3.34430555,1.95689222
2018-11-07T03:54:05.0000000,6507.7,6507.71,3.34430555,0.30189222
2018-11-07T03:54:05.0000000,6507.7,6507.71,3.34430555,1.30189222
2018-11-07T03:54:05.0000000,6507.7,6507.71,10.84430555,1.30189222
2018-11-07T03:54:05.0000000,6507.7,6507.71,3.34430555,1.30189222
2018-11-07T03:54:05.0000000,6507.7,6507.71,3.34430555,0.30189222
2018-11-07T03:54:05.0000000,6507.7,6507.71,3.34430555,1.95689222
2018-11-07T03:54:05.0000000,6507.7,6507.71,4.34430555,1.95689222
2018-11-07T03:54:05.0000000,6507.7,6507.71,3.34430555,1.95689222
2018-11-07T03:54:05.0000000,6507.7,6507.71,3.34430555,2.95689222
2018-11-07T03:54:05.0000000,6507.7,6507.71,3.34430555,1.30189222
2018-11-07T03:54:05.0000000,6507.7,6507.71,3.34430555,0.30189222
2018-11-07T03:54:05.0000000,6507.7,6507.71,4.34430555,0.30189222
2018-11-07T03:54:05.0000000,6507.7,6507.71,4.34430555,1.30189222
2018-11-07T03:54:05.0000000,6507.7,6507.71,3.34430555,1.30189222
2018-11-07T03:54:05.0000000,6507.7,6507.71,10.84430555,1.30189222
2018-11-07T03:54:05.0000000,6507.7,6507.71,3.34430555,1.30189222
2018-11-07T03:54:05.0000000,6507.7,6507.71,3.34430555,0.30189222
2018-11-07T03:54:05.0000000,6507.7,6507.71,3.34430555,1.95689222
2018-11-07T03:54:05.0000000,6507.7,6507.71,3.34430555,1.80489222
2018-11-07T03:54:05.0000000,6507.7,6507.71,4.34430555,1.80489222
2018-11-07T03:54:05.0000000,6507.7,6507.71,4.34430555,2.80489222
2018-11-07T03:54:05.0000000,6507.7,6507.71,3.34430555,2.80489222
2018-11-07T03:54:05.0000000,6507.7,6507.71,3.34430555,1.14989222
2018-11-07T03:54:05.0000000,6507.7,6507.71,3.34430555,0.14989222
2018-11-07T03:54:05.0000000,6507.7,6507.71,10.84430555,0.14989222
2018-11-07T03:54:05.0000000,6507.7,6507.71,3.34430555,0.14989222
2018-11-07T03:54:05.0000000,6507.7,6507.71,4.34430555,0.14989222
2018-11-07T03:54:05.0000000,6507.7,6507.71,4.34430555,1.80489222
2018-11-07T03:54:05.0000000,6507.7,6507.71,4.34430555,0.14989222
2018-11-07T03:54:05.0000000,6507.7,6507.71,3.34430555,0.14989222
2018-11-07T03:54:05.0000000,6507.7,6507.71,10.84430555,0.14989222
2018-11-07T03:54:05.0000000,6507.7,6507.71,3.34430555,0.14989222
2018-11-07T03:54:06.0000000,6507.7,6507.71,4.34430555,0.14989222
2018-11-07T03:54:06.0000000,6507.7,6507.71,3.34430555,0.14989222
2018-11-07T03:54:06.0000000,6507.7,6507.71,10.84430555,0.14989222
2018-11-07T03:54:06.0000000,6507.7,6507.71,3.34430555,0.14989222
2018-11-07T03:54:06.0000000,6507.7,6507.71,3.34430555,1.14989222
2018-11-07T03:54:06.0000000,6507.7,6507.71,3.34430555,0.14989222
2018-11-07T03:54:06.0000000,6507.7,6507.71,2.85430555,0.14989222
2018-11-07T03:54:06.0000000,6507.7,6507.71,3.85430555,0.14989222
2018-11-07T03:54:06.0000000,6507.7,6507.71,2.85430555,0.14989222
2018-11-07T03:54:06.0000000,6507.7,6507.71,2.85430555,1.14989222
2018-11-07T03:54:06.0000000,6507.7,6507.71,2.85430555,2.80489222
2018-11-07T03:54:06.0000000,6507.7,6507.71,3.34430555,2.80489222
2018-11-07T03:54:06.0000000,6507.7,6507.71,2.85430555,2.80489222
2018-11-07T03:54:06.0000000,6507.7,6507.71,2.85430555,1.14989222
2018-11-07T03:54:06.0000000,6507.7,6507.71,10.35430555,1.14989222
2018-11-07T03:54:06.0000000,6507.7,6507.71,10.35430555,0.14989222
2018-11-07T03:54:06.0000000,6507.7,6507.71,2.85430555,0.14989222
2018-11-07T03:54:06.0000000,6507.7,6507.71,3.85430555,0.14989222
2018-11-07T03:54:06.0000000,6507.7,6507.71,3.85430555,1.80489222
2018-11-07T03:54:06.0000000,6507.7,6507.71,4.34430555,1.80489222
2018-11-07T03:54:06.0000000,6507.7,6507.71,3.34430555,1.80489222
2018-11-07T03:54:06.0000000,6507.7,6507.71,3.34430555,2.80489222
2018-11-07T03:54:06.0000000,6507.7,6507.71,2.85430555,2.80489222
2018-11-07T03:54:06.0000000,6507.7,6507.71,2.85430555,1.80489222
2018-11-07T03:54:06.0000000,6507.7,6507.71,2.85430555,0.14989222
2018-11-07T03:54:06.0000000,6507.7,6507.71,10.35430555,0.14989222
2018-11-07T03:54:06.0000000,6507.7,6507.71,2.85430555,0.14989222
2018-11-07T03:54:06.0000000,6507.7,6507.71,2.85430555,1.14989222
2018-11-07T03:54:06.0000000,6507.7,6507.71,2.85430555,0.14989222
2018-11-07T03:54:06.0000000,6507.7,6507.71,3.85430555,0.14989222
2018-11-07T03:54:06.0000000,6507.7,6507.71,2.85430555,0.14989222
2018-11-07T03:54:06.0000000,6507.7,6507.71,2.85430555,1.14989222
2018-11-07T03:54:06.0000000,6507.7,6507.71,3.34430555,1.14989222
2018-11-07T03:54:06.0000000,6507.7,6507.71,3.34430555,0.14989222
2018-11-07T03:54:06.0000000,6507.7,6507.71,3.34430555,1.14989222
2018-11-07T03:54:06.0000000,6507.7,6507.71,3.34430555,0.14989222
2018-11-07T03:54:06.0000000,6507.7,6507.71,4.34430555,0.14989222
2018-11-07T03:54:06.0000000,6507.7,6507.71,4.39430555,0.14989222
2018-11-07T03:54:06.0000000,6507.7,6507.71,3.39430555,0.14989222
2018-11-07T03:54:06.0000000,6507.7,6507.71,3.39430555,1.14989222
2018-11-07T03:54:06.0000000,6507.7,6507.71,3.39430555,2.80489222
2018-11-07T03:54:06.0000000,6507.7,6507.71,2.90430555,2.80489222
2018-11-07T03:54:07.0000000,6507.7,6507.71,2.90430555,1.80489222
2018-11-07T03:54:07.0000000,6507.7,6507.71,3.90430555,1.80489222
2018-11-07T03:54:07.0000000,6507.7,6507.71,2.90430555,1.80489222
2018-11-07T03:54:07.0000000,6507.7,6507.71,2.90430555,2.80489222
2018-11-07T03:54:07.0000000,6507.7,6507.71,2.90430555,2.79739861
2018-11-07T03:54:07.0000000,6507.7,6507.71,2.90430555,2.79739861
2018-11-07T03:54:09.0000000,6507.7,6507.71,2.90430555,3.79739861
2018-11-07T03:54:09.0000000,6507.7,6507.71,0.40430555,3.79739861
2018-11-07T03:54:10.0000000,6507.7,6507.71,0.40146847,3.79739861
2018-11-07T03:54:09.0000000,6507.7,6507.71,0.40146847,3.79739861
2018-11-07T03:54:10.0000000,6507.7,6507.71,0.36930555,3.79739861
2018-11-07T03:54:09.0000000,6507.7,6507.71,0.36930555,3.79739861
2018-11-07T03:54:10.0000000,6507.7,6507.71,0.36930555,5.6607211
2018-11-07T03:54:10.0000000,6507.7,6507.71,0.36930555,5.7977211
2018-11-07T03:54:10.0000000,6507.7,6507.71,0.36930555,5.8347611
2018-11-07T03:54:10.0000000,6507.7,6507.71,0.36930555,5.83270969
2018-11-07T03:54:10.0000000,6507.7,6507.71,0.36930555,5.83270969
2018-11-07T03:54:11.0000000,6507.7,6507.71,0.36930555,4.17770969
2018-11-07T03:54:11.0000000,6507.7,6507.71,7.86930555,4.17770969
2018-11-07T03:54:11.0000000,6507.7,6507.71,0.36930555,4.17770969
2018-11-07T03:54:11.0000000,6507.7,6507.71,0.36930555,3.17770969
2018-11-07T03:54:11.0000000,6507.7,6507.71,0.36930555,4.83270969
2018-11-07T03:54:11.0000000,6507.7,6507.71,0.36930555,3.17770969
2018-11-07T03:54:11.0000000,6507.7,6507.71,1.36930555,3.17770969
2018-11-07T03:54:11.0000000,6507.7,6507.71,8.86930555,3.17770969
2018-11-07T03:54:11.0000000,6507.7,6507.71,8.86930555,4.17770969
2018-11-07T03:54:11.0000000,6507.7,6507.71,7.86930555,4.17770969
2018-11-07T03:54:11.0000000,6507.7,6507.71,7.86930555,3.17770969
2018-11-07T03:54:11.0000000,6507.7,6507.71,10.36930555,3.17770969
2018-11-07T03:54:11.0000000,6507.7,6507.71,11.36930555,3.17770969
2018-11-07T03:54:11.0000000,6507.7,6507.71,8.86930555,3.17770969
2018-11-07T03:54:11.0000000,6507.7,6507.71,8.55,3.17770969
2018-11-07T03:54:11.0000000,6507.7,6507.71,8.55,3.17770969
2018-11-07T03:54:11.0000000,6507.7,6507.71,8.5,3.17770969
2018-11-07T03:54:11.0000000,6507.7,6507.71,8.2531047,3.17770969
2018-11-07T03:54:11.0000000,6507.7,6507.71,8.2531047,3.17770969
2018-11-07T03:54:11.0000000,6507.7,6507.71,8.2531047,1.3143872
2018-11-07T03:54:11.0000000,6507.7,6507.71,1,1.3143872
2018-11-07T03:54:11.0000000,6507.7,6507.71,0,1.3143872
2018-11-07T03:54:11.0000000,6507.7,6507.71,0,2.3143872
2018-11-07T03:54:11.0000000,6507.7,6507.71,0,1.3143872
2018-11-07T03:54:12.0000000,6507.7,6507.71,1,1.3143872
2018-11-07T03:54:12.0000000,6507.7,6507.71,2.901,1.3143872
2018-11-07T03:54:12.0000000,6507.7,6507.71,1.901,1.3143872
2018-11-07T03:54:12.0000000,6507.7,6507.71,0,1.3143872
2018-11-07T03:54:12.0000000,6507.7,6507.71,0,1.1773872
2018-11-07T03:54:12.0000000,6507.7,6507.71,0.153,1.1773872
2018-11-07T03:54:13.0000000,6507.7,6507.71,2.054,1.1773872
2018-11-07T03:54:13.0000000,6507.7,6507.71,0.153,1.1773872
2018-11-07T03:54:13.0000000,6507.7,6507.71,2.054,1.1773872
2018-11-07T03:54:13.0000000,6507.7,6507.71,0.153,1.1773872
2018-11-07T03:54:14.0000000,6507.7,6507.71,2.054,1.1773872
2018-11-07T03:54:14.0000000,6507.7,6507.71,0.153,1.1773872
2018-11-07T03:54:14.0000000,6507.7,6507.71,2.054,1.1773872
2018-11-07T03:54:14.0000000,6507.7,6507.71,0.153,1.1773872
2018-11-07T03:54:14.0000000,6507.7,6507.71,2.054,1.1773872
2018-11-07T03:54:14.0000000,6507.7,6507.71,0.153,1.1773872
2018-11-07T03:54:15.0000000,6507.7,6507.71,2.054,1.1773872
2018-11-07T03:54:15.0000000,6507.7,6507.71,0.153,1.1773872
2018-11-07T03:54:15.0000000,6507.7,6507.71,2.054,1.1773872
2018-11-07T03:54:15.0000000,6507.7,6507.71,0.153,1.1773872
2018-11-07T03:54:15.0000000,6507.7,6507.71,2.054,1.1773872
2018-11-07T03:54:15.0000000,6507.7,6507.71,0.153,1.1773872
2018-11-07T03:54:15.0000000,6507.7,6507.71,2.054,1.1773872
2018-11-07T03:54:15.0000000,6507.7,6507.71,0.153,1.1773872
2018-11-07T03:54:15.0000000,6507.7,6507.71,2.054,1.1773872
2018-11-07T03:54:15.0000000,6507.7,6507.71,0.153,1.1773872
2018-11-07T03:54:15.0000000,6507.7,6507.71,2.054,1.1773872
2018-11-07T03:54:15.0000000,6507.7,6507.71,0.153,1.1773872
2018-11-07T03:54:15.0000000,6507.7,6507.71,2.054,1.1773872
2018-11-07T03:54:15.0000000,6507.7,6507.71,0.153,1.1773872
2018-11-07T03:54:16.0000000,6507.7,6507.71,2.054,1.1773872
2018-11-07T03:54:16.0000000,6507.7,6507.71,2.054,1.06233888
2018-11-07T03:54:18.0000000,6507.46,6507.7,2.054,1.06233888
2018-11-07T03:54:18.0000000,6507.46,6507.7,2.054,0.153
2018-11-07T03:54:18.0000000,6507.46,6507.7,2.5,0.153
2018-11-07T03:54:18.0000000,6507.46,6507.7,2.5,2.054
2018-11-07T03:54:18.0000000,6507.46,6507.7,0,2.054
2018-11-07T03:54:18.0000000,6507.46,6507.7,0,0.153
2018-11-07T03:54:18.0000000,6507.46,6507.7,0,2.054
2018-11-07T03:54:18.0000000,6507.46,6507.7,0,0.153
2018-11-07T03:54:18.0000000,6507.46,6507.7,0,2.054
2018-11-07T03:54:18.0000000,6507.46,6507.7,0,3.054
2018-11-07T03:54:18.0000000,6507.46,6507.7,0,1.153
2018-11-07T03:54:18.0000000,6507.46,6507.7,0,3.054
2018-11-07T03:54:18.0000000,6507.46,6507.7,0,2.054
2018-11-07T03:54:18.0000000,6507.46,6507.7,0,0.153
2018-11-07T03:54:20.0000000,6507.46,6507.7,0,2.054
2018-11-07T03:54:20.0000000,6507.46,6507.7,0,0.153
2018-11-07T03:54:21.0000000,6507.46,6507.7,0,2.054
2018-11-07T03:54:21.0000000,6507.46,6507.7,0,0.153
2018-11-07T03:54:21.0000000,6507.5,6507.64,0,0.153
2018-11-07T03:54:22.0000000,6507.5,6507.64,10,0.153
2018-11-07T03:54:22.0000000,6507.5,6507.64,2.5,0.153
2018-11-07T03:54:22.0000000,6507.5,6507.64,2.5,0
2018-11-07T03:54:22.0000000,6507.5,6507.64,10,0
2018-11-07T03:54:22.0000000,6507.5,6507.64,2.5,0
2018-11-07T03:54:23.0000000,6507.52,6507.7,2.5,0
2018-11-07T03:54:23.0000000,6507.52,6507.7,3.363,0
2018-11-07T03:54:23.0000000,6507.52,6507.7,3.363,2.051
2018-11-07T03:54:23.0000000,6507.52,6507.7,2.363,2.051
2018-11-07T03:54:23.0000000,6507.52,6507.7,2.363,0.153
2018-11-07T03:54:23.0000000,6507.52,6507.65,2.363,0.153
2018-11-07T03:54:24.0000000,6507.52,6507.65,2.363,0
2018-11-07T03:54:24.0000000,6507.52,6507.65,9.863,0
2018-11-07T03:54:24.0000000,6507.52,6507.69,9.863,0
2018-11-07T03:54:24.0000000,6507.52,6507.69,2.363,0
2018-11-07T03:54:24.0000000,6507.52,6507.69,2.363,0.87727359
2018-11-07T03:54:24.0000000,6507.52,6507.69,2.363,0.87727359
2018-11-07T03:54:24.0000000,6507.52,6507.69,2.363,0
2018-11-07T03:54:24.0000000,6507.52,6507.69,2.363,1.869
2018-11-07T03:54:24.0000000,6507.52,6507.69,2.363,0
2018-11-07T03:54:24.0000000,6507.52,6507.69,9.863,0
2018-11-07T03:54:24.0000000,6507.52,6507.69,2.363,0
2018-11-07T03:54:24.0000000,6507.52,6507.69,2.363,1
2018-11-07T03:54:24.0000000,6507.52,6507.69,2.363,0
2018-11-07T03:54:25.0000000,6507.54,6507.7,2.363,0
2018-11-07T03:54:25.0000000,6507.54,6507.7,2.363,0
2018-11-07T03:54:30.0000000,6507.54,6507.7,10,0
2018-11-07T03:54:30.0000000,6507.54,6507.7,9.88181,0
2018-11-07T03:54:30.0000000,6507.54,6507.71,9.88181,0
2018-11-07T03:54:30.0000000,6507.54,6507.71,9.90025,0
2018-11-07T03:54:30.0000000,6507.54,6507.71,2.40025,0
2018-11-07T03:54:30.0000000,6507.55,6507.71,2.40025,0
2018-11-07T03:54:30.0000000,6507.55,6507.71,0.9963,0
2018-11-07T03:54:31.0000000,6507.55,6507.71,0,0
2018-11-07T03:54:32.0000000,6507.55,6507.71,0,3.47433888
2018-11-07T03:54:32.0000000,6507.55,6507.71,0,1.60533888
2018-11-07T03:54:32.0000000,6507.55,6507.71,0,3.47433888
2018-11-07T03:54:32.0000000,6507.55,6507.71,0,1.60533888
2018-11-07T03:54:32.0000000,6507.55,6507.71,0,3.47433888
2018-11-07T03:54:33.0000000,6507.55,6507.71,0,3.62733888
2018-11-07T03:54:33.0000000,6507.55,6507.71,0,3.7423872
2018-11-07T03:54:34.0000000,6507.55,6507.71,0,3.72621335
2018-11-07T03:54:34.0000000,6507.7,6507.71,0,3.72621335
2018-11-07T03:54:34.0000000,6507.7,6507.71,2.516596,3.72621335
2018-11-07T03:54:35.0000000,6507.7,6507.71,2.25184933,3.72621335
2018-11-07T03:54:35.0000000,6507.7,6507.71,2.25184933,3.72621335
2018-11-07T03:54:35.0000000,6507.7,6507.71,2.26844533,3.72621335
2018-11-07T03:54:36.0000000,6507.7,6507.71,2.26844533,3.71708832
2018-11-07T03:54:36.0000000,6507.7,6507.71,2.26844533,3.57329844
2018-11-07T03:54:36.0000000,6507.7,6507.71,2.26844533,3.57329844
2018-11-07T03:54:36.0000000,6507.7,6507.71,2.26844533,1.70429844
2018-11-07T03:54:36.0000000,6507.7,6507.71,9.76844533,1.70429844
2018-11-07T03:54:36.0000000,6507.7,6507.71,10.76844533,1.70429844
2018-11-07T03:54:36.0000000,6507.7,6507.71,10.78504133,1.70429844
2018-11-07T03:54:37.0000000,6507.7,6507.71,10.78504133,1.66663473
2018-11-07T03:54:37.0000000,6507.7,6507.71,10.78504133,1.66663473
2018-11-07T03:54:37.0000000,6507.7,6507.71,8.549788,1.66663473
2018-11-07T03:54:37.0000000,6507.7,6507.71,8.566384,1.66663473
2018-11-07T03:54:38.0000000,6507.7,6507.71,1.066384,1.66663473
2018-11-07T03:54:38.0000000,6507.7,6507.71,1.066384,3.53563473
2018-11-07T03:54:38.0000000,6507.7,6507.71,1.066384,1.66663473
2018-11-07T03:54:38.0000000,6507.7,6507.71,0.066384,1.66663473
2018-11-07T03:54:38.0000000,6507.7,6507.71,7.566384,1.66663473
2018-11-07T03:54:38.0000000,6507.7,6507.71,7.566384,2.66663473
2018-11-07T03:54:38.0000000,6507.7,6507.71,7.566384,5.16663473
2018-11-07T03:54:38.0000000,6507.7,6507.71,7.566384,4.16663473
2018-11-07T03:54:38.0000000,6507.7,6507.71,8.566384,4.16663473
2018-11-07T03:54:38.0000000,6507.7,6507.71,8.566384,1.66663473
2018-11-07T03:54:38.0000000,6507.7,6507.71,1.066384,1.66663473
2018-11-07T03:54:38.0000000,6507.7,6507.71,1.066384,3.53563473
2018-11-07T03:54:38.0000000,6507.7,6507.71,0.066384,3.53563473
2018-11-07T03:54:38.0000000,6507.7,6507.71,0.066384,4.53563473
2018-11-07T03:54:38.0000000,6507.7,6507.71,0.066384,7.03563473
2018-11-07T03:54:39.0000000,6507.7,6507.71,0.06868896,7.03563473
2018-11-07T03:54:39.0000000,6507.7,6507.71,0.06251288,7.03563473
2018-11-07T03:54:39.0000000,6507.7,6507.71,0.06251288,7.03563473
2018-11-07T03:54:39.0000000,6507.7,6507.71,0.06020792,7.03563473
2018-11-07T03:54:39.0000000,6507.7,6507.71,0.06020792,8.03563473
2018-11-07T03:54:39.0000000,6507.7,6507.71,0.06251288,8.03563473
2018-11-07T03:54:39.0000000,6507.7,6507.71,0.06020792,8.03563473
2018-11-07T03:54:39.0000000,6507.7,6507.71,0.07680392,8.03563473
2018-11-07T03:54:41.0000000,6507.7,6507.71,0.07680392,7.03563473
2018-11-07T03:54:42.0000000,6507.7,6507.71,0.066384,7.03563473
2018-11-07T03:54:42.0000000,6507.7,6507.71,0.066384,7.03563473
2018-11-07T03:54:42.0000000,6507.7,6507.71,0.049788,7.03563473
2018-11-07T03:54:42.0000000,6507.7,6507.71,0.033192,7.03563473
2018-11-07T03:54:42.0000000,6507.7,6507.71,0.01680392,7.03563473
2018-11-07T03:54:42.0000000,6507.7,6507.71,0.01680392,7.03563473
2018-11-07T03:54:42.0000000,6507.7,6507.71,0.01680392,8.89895722
2018-11-07T03:54:42.0000000,6507.7,6507.71,0.03339992,8.89895722
2018-11-07T03:54:42.0000000,6507.7,6507.71,0.03339992,9.89895722
2018-11-07T03:54:42.0000000,6507.7,6507.71,0.03339992,10.65486171
2018-11-07T03:54:43.0000000,6507.7,6507.71,0.03339992,10.80686171
2018-11-07T03:54:43.0000000,6507.7,6507.71,0.03339992,10.7992015
2018-11-07T03:54:43.0000000,6507.7,6507.71,0.03339992,10.7992015
2018-11-07T03:54:43.0000000,6507.7,6507.71,0.04999592,10.7992015
2018-11-07T03:54:43.0000000,6507.7,6507.71,0.04999592,10.6472015
2018-11-07T03:54:50.0000000,6507.7,6507.71,0.049788,10.6472015
2018-11-07T03:54:50.0000000,6507.7,6507.71,0.049788,10.6472015
2018-11-07T03:54:50.0000000,6507.7,6507.71,0.04629592,10.6472015
2018-11-07T03:54:50.0000000,6507.7,6507.71,0.04629592,10.6472015
2018-11-07T03:54:50.0000000,6507.7,6507.71,0.06289192,10.6472015
2018-11-07T03:54:51.0000000,6507.7,6507.71,0.06519688,10.6472015
2018-11-07T03:54:51.0000000,6507.7,6507.71,0.06289192,10.6472015
2018-11-07T03:54:51.0000000,6507.7,6507.71,0.06519688,10.6472015
2018-11-07T03:54:53.0000000,6507.7,6507.71,0.06289192,10.6472015
2018-11-07T03:54:53.0000000,6507.7,6507.71,0.06289192,10.64215429
2018-11-07T03:54:53.0000000,6507.7,6507.71,0.06289192,10.64215429
2018-11-07T03:54:53.0000000,6507.7,6507.71,0.07948792,10.64215429
2018-11-07T03:54:53.0000000,6507.7,6507.71,0.08179288,10.64215429
2018-11-07T03:54:53.0000000,6507.7,6507.71,0.07948792,10.64215429
2018-11-07T03:54:54.0000000,6507.7,6507.71,0.08179288,10.64215429
2018-11-07T03:54:54.0000000,6507.7,6507.71,0.07948792,10.64215429
2018-11-07T03:54:54.0000000,6507.7,6507.71,0.08179288,10.64215429
2018-11-07T03:54:54.0000000,6507.7,6507.71,0.07948792,10.64215429
2018-11-07T03:54:54.0000000,6507.7,6507.71,0.08179288,10.64215429
2018-11-07T03:54:54.0000000,6507.7,6507.71,0.07948792,10.64215429
2018-11-07T03:54:54.0000000,6507.7,6507.71,0.08179288,10.64215429
2018-11-07T03:54:54.0000000,6507.7,6507.71,0.07948792,10.64215429
2018-11-07T03:54:54.0000000,6507.7,6507.71,0.08179288,10.64215429
2018-11-07T03:54:55.0000000,6507.7,6507.71,0.07948792,10.64215429
2018-11-07T03:54:55.0000000,6507.7,6507.71,0.08179288,10.64215429
2018-11-07T03:54:55.0000000,6507.7,6507.71,0.07948792,10.64215429
2018-11-07T03:54:55.0000000,6507.7,6507.71,0.08179288,10.64215429
2018-11-07T03:54:55.0000000,6507.7,6507.71,0.07948792,10.64215429
2018-11-07T03:54:55.0000000,6507.7,6507.71,0.08179288,10.64215429
2018-11-07T03:54:55.0000000,6507.7,6507.71,0.07948792,10.64215429
2018-11-07T03:54:55.0000000,6507.7,6507.71,0.08179288,10.64215429
2018-11-07T03:54:55.0000000,6507.7,6507.71,0.08179288,8.14215429
2018-11-07T03:54:55.0000000,6507.7,6507.71,0.07948792,8.14215429
2018-11-07T03:54:56.0000000,6507.7,6507.71,0.08179288,8.14215429
2018-11-07T03:54:56.0000000,6507.7,6507.71,0.08179288,10.64215429
2018-11-07T03:54:56.0000000,6507.7,6507.71,0.07948792,10.64215429
2018-11-07T03:54:56.0000000,6507.7,6507.71,0.08179288,10.64215429
2018-11-07T03:54:57.0000000,6507.7,6507.71,0.07948792,10.64215429
2018-11-07T03:54:57.0000000,6507.7,6507.71,0.07948792,10.55959627
2018-11-07T03:54:57.0000000,6507.7,6507.71,0.07948792,10.55959627
2018-11-07T03:54:57.0000000,6507.7,6507.71,0.08179288,10.55959627
2018-11-07T03:54:57.0000000,6507.7,6507.71,0.09838888,10.55959627
2018-11-07T03:54:57.0000000,6507.7,6507.71,0.09608392,10.55959627
2018-11-07T03:54:57.0000000,6507.7,6507.71,0.09608392,10.55179687
2018-11-07T03:54:57.0000000,6507.7,6507.71,0.09838888,10.55179687
2018-11-07T03:54:57.0000000,6507.7,6507.71,0.09838888,10.55179687
2018-11-07T03:54:57.0000000,6507.7,6507.71,0.09608392,10.55179687
2018-11-07T03:54:57.0000000,6507.7,6507.71,0.09838888,10.55179687
2018-11-07T03:54:57.0000000,6507.7,6507.71,0.09608392,10.55179687
2018-11-07T03:54:57.0000000,6507.7,6507.71,0.09838888,10.55179687
2018-11-07T03:54:57.0000000,6507.7,6507.71,0.09608392,10.55179687
2018-11-07T03:54:58.0000000,6507.7,6507.71,0.09838888,10.55179687
2018-11-07T03:54:58.0000000,6507.7,6507.71,0.09608392,10.55179687
2018-11-07T03:54:59.0000000,6507.7,6507.71,0.09608392,10.54445617
2018-11-07T03:54:59.0000000,6507.7,6507.71,0.09608392,10.54445617
2018-11-07T03:54:59.0000000,6507.7,6507.71,0.11267992,10.54445617
2018-11-07T03:54:59.0000000,6507.7,6507.71,0.11498488,10.54445617
2018-11-07T03:54:59.0000000,6507.7,6507.71,0.11267992,10.54445617
2018-11-07T03:54:59.0000000,6507.7,6507.71,0.11498488,10.54445617
2018-11-07T03:55:00.0000000,6507.7,6507.71,0.11267992,10.54445617
2018-11-07T03:55:00.0000000,6507.7,6507.71,0.11498488,10.54445617
2018-11-07T03:55:00.0000000,6507.7,6507.71,0.11267992,10.54445617
2018-11-07T03:55:00.0000000,6507.7,6507.71,0.11498488,10.54445617
2018-11-07T03:55:00.0000000,6507.7,6507.71,0.11498488,10.52681158
2018-11-07T03:55:00.0000000,6507.7,6507.71,0.11498488,10.52681158
2018-11-07T03:55:00.0000000,6507.7,6507.71,0.11267992,10.52681158
2018-11-07T03:55:00.0000000,6507.7,6507.71,0.12927592,10.52681158
