
topBid,topAsk,bidVol,askVol
2018-11-08T04:09:37.0000000,6447.56,6447.57,25.56993081,3.29437459
2018-11-08T04:09:37.0000000,6447.56,6447.57,33.06993081,3.29437459
2018-11-08T04:09:37.0000000,6447.56,6447.57,35.06993081,3.29437459
2018-11-08T04:09:37.0000000,6447.56,6447.57,27.56993081,3.29437459
2018-11-08T04:09:37.0000000,6447.56,6447.57,35.06993081,3.29437459
2018-11-08T04:09:39.0000000,6447.56,6447.57,35.06993081,3.22437459
2018-11-08T04:09:39.0000000,6447.56,6447.57,35.50993081,3.22437459
2018-11-08T04:09:39.0000000,6447.56,6447.57,35.06993081,3.22437459
2018-11-08T04:09:39.0000000,6447.56,6447.57,35.50993081,3.22437459
2018-11-08T04:09:39.0000000,6447.56,6447.57,35.06993081,3.22437459
2018-11-08T04:09:39.0000000,6447.56,6447.57,35.06993081,3.29437459
2018-11-08T04:09:39.0000000,6447.56,6447.57,35.06993081,3.27656542
2018-11-08T04:09:39.0000000,6447.56,6447.57,35.06993081,3.27656542
2018-11-08T04:09:41.0000000,6447.56,6447.57,35.06623081,3.27656542
2018-11-08T04:09:41.0000000,6447.56,6447.57,35.06623081,3.27656542
2018-11-08T04:09:42.0000000,6447.56,6447.57,35.06345081,3.27656542
2018-11-08T04:09:42.0000000,6447.56,6447.57,35.06345081,3.27656542
2018-11-08T04:09:42.0000000,6447.56,6447.57,35.06345081,3.20656542
2018-11-08T04:09:43.0000000,6447.56,6447.57,34.95381612,3.20656542
2018-11-08T04:09:43.0000000,6447.56,6447.57,34.95381612,3.20656542
2018-11-08T04:09:43.0000000,6447.56,6447.57,34.95381612,3.27656542
2018-11-08T04:09:43.0000000,6447.56,6447.57,34.95381612,3.24570031
2018-11-08T04:09:43.0000000,6447.56,6447.57,34.95381612,3.24570031
2018-11-08T04:09:44.0000000,6447.56,6447.57,34.95381612,3.17570031
2018-11-08T04:09:45.0000000,6447.56,6447.57,35.39381612,3.17570031
2018-11-08T04:09:45.0000000,6447.56,6447.57,34.95381612,3.17570031
2018-11-08T04:09:45.0000000,6447.56,6447.57,34.95381612,3.24570031
2018-11-08T04:09:46.0000000,6447.56,6447.57,34.92381612,3.24570031
2018-11-08T04:09:47.0000000,6447.56,6447.57,34.92381612,3.23086036
2018-11-08T04:09:47.0000000,6447.56,6447.57,34.92381612,3.23086036
2018-11-08T04:09:47.0000000,6447.56,6447.57,32.92381612,3.23086036
2018-11-08T04:09:48.0000000,6447.56,6447.57,32.92381612,3.20860044
2018-11-08T04:09:48.0000000,6447.56,6447.57,32.92381612,3.20860044
2018-11-08T04:09:50.0000000,6447.56,6447.57,32.92381612,3.2065155
2018-11-08T04:09:50.0000000,6447.56,6447.57,32.92381612,3.2065155
2018-11-08T04:09:53.0000000,6447.56,6447.57,32.86634612,3.2065155
2018-11-08T04:09:53.0000000,6447.56,6447.57,32.86634612,3.2065155
2018-11-08T04:09:55.0000000,6447.56,6447.57,33.43929512,3.2065155
2018-11-08T04:09:55.0000000,6447.56,6447.57,32.86634612,3.2065155
2018-11-08T04:09:56.0000000,6447.56,6447.57,32.86634612,3.17683406
2018-11-08T04:09:56.0000000,6447.56,6447.57,32.86634612,3.17683406
2018-11-08T04:09:58.0000000,6447.56,6447.57,30.36634612,3.17683406
2018-11-08T04:09:59.0000000,6447.56,6447.57,32.86634612,3.17683406
2018-11-08T04:09:59.0000000,6447.56,6447.57,32.86634612,1.40983406
2018-11-08T04:09:59.0000000,6447.56,6447.57,32.86634612,1.94383406
2018-11-08T04:10:00.0000000,6447.56,6447.57,32.87151552,1.94383406
2018-11-08T04:10:00.0000000,6447.56,6447.57,30.37151552,1.94383406
2018-11-08T04:10:00.0000000,6447.56,6447.57,32.37151552,1.94383406
2018-11-08T04:10:00.0000000,6447.56,6447.57,34.87151552,1.94383406
2018-11-08T04:10:01.0000000,6447.56,6447.57,34.87151552,1.40983406
2018-11-08T04:10:01.0000000,6447.56,6447.57,34.86781552,1.40983406
2018-11-08T04:10:01.0000000,6447.56,6447.57,34.86781552,1.40983406
2018-11-08T04:10:01.0000000,6447.56,6447.57,34.86781552,1.56883406
2018-11-08T04:10:01.0000000,6447.56,6447.57,34.86503552,1.56883406
2018-11-08T04:10:01.0000000,6447.56,6447.57,34.86503552,1.56883406
2018-11-08T04:10:02.0000000,6447.56,6447.57,34.86503552,1.40983406
2018-11-08T04:10:02.0000000,6447.56,6447.57,34.86503552,1.56183406
2018-11-08T04:10:02.0000000,6447.56,6447.57,34.86503552,1.55411778
2018-11-08T04:10:02.0000000,6447.56,6447.57,34.86503552,1.55411778
2018-11-08T04:10:04.0000000,6447.56,6447.57,34.86503552,1.40211778
2018-11-08T04:10:04.0000000,6447.56,6447.57,34.86503552,1.43711778
2018-11-08T04:10:05.0000000,6447.56,6447.57,34.86503552,1.40211778
2018-11-08T04:10:05.0000000,6447.56,6447.57,34.86503552,1.33211778
2018-11-08T04:10:05.0000000,6447.56,6447.57,34.86503552,1.40211778
2018-11-08T04:10:05.0000000,6447.56,6447.57,34.86503552,1.33211778
2018-11-08T04:10:06.0000000,6447.56,6447.57,34.86503552,1.31853404
2018-11-08T04:10:06.0000000,6447.56,6447.57,34.86503552,1.31853404
2018-11-08T04:10:06.0000000,6447.56,6447.57,34.86503552,1.38853404
2018-11-08T04:10:06.0000000,6447.56,6447.57,34.86503552,1.31853404
2018-11-08T04:10:06.0000000,6447.56,6447.57,34.86503552,1.38853404
2018-11-08T04:10:06.0000000,6447.56,6447.57,34.86503552,1.31853404
2018-11-08T04:10:07.0000000,6447.56,6447.57,34.86503552,1.2628827
2018-11-08T04:10:07.0000000,6447.56,6447.57,34.86503552,1.2628827
2018-11-08T04:10:07.0000000,6447.56,6447.57,35.30503552,1.2628827
2018-11-08T04:10:07.0000000,6447.56,6447.57,35.30503552,1.20352137
2018-11-08T04:10:07.0000000,6447.56,6447.57,35.30503552,1.20352137
2018-11-08T04:10:08.0000000,6447.56,6447.57,34.86503552,1.20352137
2018-11-08T04:10:09.0000000,6447.56,6447.57,34.86503552,1.27352137
2018-11-08T04:10:16.0000000,6447.56,6447.57,34.78709711,1.27352137
2018-11-08T04:10:16.0000000,6447.56,6447.57,34.78709711,1.27352137
2018-11-08T04:10:19.0000000,6447.56,6447.57,34.78709711,1.20352137
2018-11-08T04:10:19.0000000,6447.56,6447.57,34.78709711,0.52482
2018-11-08T04:10:19.0000000,6447.56,6447.57,34.78709711,0.52482
2018-11-08T04:10:19.0000000,6447.56,6447.57,34.78709711,0.48778
2018-11-08T04:10:19.0000000,6447.56,6447.57,34.78709711,0.46
2018-11-08T04:10:19.0000000,6447.56,6447.57,34.78709711,0
2018-11-08T04:10:19.0000000,6447.56,6447.64,34.78709711,0
2018-11-08T04:10:19.0000000,6447.56,6447.64,32.78709711,0
2018-11-08T04:10:19.0000000,6447.56,6447.64,25.28709711,0
2018-11-08T04:10:19.0000000,6447.56,6447.64,24.28709711,0
2018-11-08T04:10:19.0000000,6447.56,6447.64,24.28192771,0
2018-11-08T04:10:19.0000000,6447.56,6447.64,24.28192771,0
2018-11-08T04:10:20.0000000,6447.56,6447.64,16.91197702,0
2018-11-08T04:10:20.0000000,6447.56,6447.64,16.91197702,0.8
2018-11-08T04:10:20.0000000,6447.56,6447.64,16.91197702,0
2018-11-08T04:10:20.0000000,6447.9,6447.91,16.91197702,0
2018-11-08T04:10:20.0000000,6447.9,6447.91,20.91516912,0
2018-11-08T04:10:20.0000000,6447.9,6447.91,21.35516912,0
2018-11-08T04:10:21.0000000,6447.9,6447.91,20.91516912,0
2018-11-08T04:10:21.0000000,6447.9,6447.91,20.61016912,0
2018-11-08T04:10:21.0000000,6447.9,6447.91,20.61016912,0
2018-11-08T04:10:21.0000000,6447.9,6447.91,21.00016912,0
2018-11-08T04:10:21.0000000,6447.9,6447.91,20.85546088,0
2018-11-08T04:10:21.0000000,6447.9,6447.91,20.85546088,0
2018-11-08T04:10:21.0000000,6447.9,6447.91,21.16046088,0
2018-11-08T04:10:21.0000000,6447.9,6447.91,21.16046088,2.22
2018-11-08T04:10:21.0000000,6447.9,6447.91,21.16046088,2.25704
2018-11-08T04:10:21.0000000,6447.9,6447.91,21.01046088,2.25704
2018-11-08T04:10:21.0000000,6447.9,6447.91,21.01046088,2.25704
2018-11-08T04:10:21.0000000,6447.9,6447.91,21.15516912,2.25704
2018-11-08T04:10:21.0000000,6447.9,6447.91,21.15516912,2.2322249
2018-11-08T04:10:21.0000000,6447.9,6447.91,21.15516912,2.2322249
2018-11-08T04:10:21.0000000,6447.9,6447.91,21.15516912,2.10704
2018-11-08T04:10:21.0000000,6447.9,6447.91,21.30516912,2.10704
2018-11-08T04:10:21.0000000,6447.9,6447.91,21.30516912,2.13482
2018-11-08T04:10:21.0000000,6447.9,6447.91,18.80516912,2.13482
2018-11-08T04:10:21.0000000,6447.9,6447.91,18.88516912,2.13482
2018-11-08T04:10:22.0000000,6447.9,6447.91,21.38516912,2.13482
2018-11-08T04:10:22.0000000,6447.9,6447.91,21.38516912,2.06482
2018-11-08T04:10:22.0000000,6447.9,6447.91,21.30516912,2.06482
2018-11-08T04:10:22.0000000,6447.9,6447.91,21.30516912,2.01055043
2018-11-08T04:10:22.0000000,6447.9,6447.91,21.30516912,2.01055043
2018-11-08T04:10:23.0000000,6447.9,6447.91,21.30516912,2.00915996
2018-11-08T04:10:23.0000000,6447.9,6447.91,21.30516912,2.00915996
2018-11-08T04:10:29.0000000,6447.9,6447.91,21.30516912,1.98690004
2018-11-08T04:10:29.0000000,6447.9,6447.91,21.30516912,1.98690004
2018-11-08T04:10:30.0000000,6447.9,6447.91,21.6566177,1.98690004
2018-11-08T04:10:31.0000000,6447.9,6447.91,22.0966177,1.98690004
2018-11-08T04:10:31.0000000,6447.9,6447.91,22.0966177,2.05690004
2018-11-08T04:10:31.0000000,6447.9,6447.91,21.6566177,2.05690004
2018-11-08T04:10:31.0000000,6447.9,6447.91,20.64632594,2.05690004
2018-11-08T04:10:31.0000000,6447.9,6447.91,20.64632594,2.05690004
2018-11-08T04:10:31.0000000,6447.9,6447.91,20.1589521,2.05690004
2018-11-08T04:10:31.0000000,6447.9,6447.91,20.1589521,2.05690004
2018-11-08T04:10:32.0000000,6447.9,6447.91,20.1589521,1.98690004
2018-11-08T04:10:33.0000000,6447.9,6447.91,20.1589521,1.97132066
2018-11-08T04:10:33.0000000,6447.9,6447.91,20.1589521,1.97132066
2018-11-08T04:10:33.0000000,6447.9,6447.91,20.1589521,2.04132066
2018-11-08T04:10:33.0000000,6447.9,6447.91,20.5989521,2.04132066
2018-11-08T04:10:33.0000000,6447.9,6447.91,21.60924386,2.04132066
2018-11-08T04:10:33.0000000,6447.9,6447.91,21.60924386,1.97132066
2018-11-08T04:10:33.0000000,6447.9,6447.91,21.16924386,1.97132066
2018-11-08T04:10:34.0000000,6447.9,6447.91,21.60924386,1.97132066
2018-11-08T04:10:34.0000000,6447.9,6447.91,21.16924386,1.97132066
2018-11-08T04:10:35.0000000,6447.9,6447.91,21.60924386,1.97132066
2018-11-08T04:10:35.0000000,6447.9,6447.91,21.16924386,1.97132066
2018-11-08T04:10:35.0000000,6447.9,6447.91,21.60924386,1.97132066
2018-11-08T04:10:35.0000000,6447.9,6447.91,21.16924386,1.97132066
2018-11-08T04:10:35.0000000,6447.9,6447.91,21.60924386,1.97132066
2018-11-08T04:10:35.0000000,6447.9,6447.91,21.16924386,1.97132066
2018-11-08T04:10:35.0000000,6447.9,6447.91,21.17124386,1.97132066
2018-11-08T04:10:36.0000000,6447.9,6447.91,21.61124386,1.97132066
2018-11-08T04:10:36.0000000,6447.9,6447.91,21.17124386,1.97132066
2018-11-08T04:10:38.0000000,6447.9,6447.91,21.17124386,2.04132066
2018-11-08T04:10:38.0000000,6447.9,6447.91,18.67124386,2.04132066
2018-11-08T04:10:39.0000000,6447.9,6447.91,21.17124386,2.04132066
2018-11-08T04:10:41.0000000,6447.9,6447.91,21.17124386,2.03375293
2018-11-08T04:10:41.0000000,6447.9,6447.91,21.17124386,2.03375293
2018-11-08T04:10:41.0000000,6447.9,6447.91,21.17124386,2.03089651
2018-11-08T04:10:41.0000000,6447.9,6447.91,21.17124386,2.03089651
2018-11-08T04:10:41.0000000,6447.9,6447.91,21.16754386,2.03089651
2018-11-08T04:10:41.0000000,6447.9,6447.91,21.16754386,2.03089651
2018-11-08T04:10:42.0000000,6447.9,6447.91,21.16476386,2.03089651
2018-11-08T04:10:42.0000000,6447.9,6447.91,21.16476386,2.03089651
2018-11-08T04:10:42.0000000,6447.9,6447.91,21.16476386,2.02111957
2018-11-08T04:10:42.0000000,6447.9,6447.91,21.16476386,2.02111957
2018-11-08T04:10:44.0000000,6447.9,6447.91,21.16476386,1.95111957
2018-11-08T04:10:46.0000000,6447.9,6447.91,21.16476386,2.02111957
2018-11-08T04:10:46.0000000,6447.9,6447.91,21.16476386,1.95111957
2018-11-08T04:10:47.0000000,6447.9,6447.91,21.16476386,2.02111957
2018-11-08T04:10:47.0000000,6447.9,6447.91,21.16476386,1.95111957
2018-11-08T04:10:48.0000000,6447.9,6447.91,21.18027278,1.95111957
2018-11-08T04:10:48.0000000,6447.9,6447.91,21.18027278,2.02111957
2018-11-08T04:10:49.0000000,6447.9,6447.91,21.30279329,2.02111957
2018-11-08T04:10:50.0000000,6447.9,6447.91,21.30279329,1.95111957
2018-11-08T04:10:51.0000000,6447.9,6447.91,21.30379329,1.95111957
2018-11-08T04:10:51.0000000,6447.9,6447.91,21.74379329,1.95111957
2018-11-08T04:10:51.0000000,6447.9,6447.91,21.30379329,1.95111957
2018-11-08T04:10:53.0000000,6447.9,6447.91,21.74379329,1.95111957
2018-11-08T04:10:53.0000000,6447.9,6447.91,21.74379329,1.9500378
2018-11-08T04:10:53.0000000,6447.9,6447.91,21.74379329,1.9500378
2018-11-08T04:10:55.0000000,6447.9,6447.91,21.30379329,1.9500378
2018-11-08T04:10:55.0000000,6447.9,6447.91,19.56935374,1.9500378
2018-11-08T04:10:55.0000000,6447.9,6447.91,19.56935374,1.9500378
2018-11-08T04:10:55.0000000,6447.9,6447.91,19.56935374,1.06482
2018-11-08T04:10:55.0000000,6447.9,6447.91,19.56935374,1.06482
2018-11-08T04:10:55.0000000,6447.9,6447.91,19.56935374,0.06482
2018-11-08T04:10:55.0000000,6447.9,6447.91,19.56935374,0.02778
2018-11-08T04:10:55.0000000,6447.9,6447.91,19.56935374,0
2018-11-08T04:10:55.0000000,6447.9,6448,19.56935374,0
2018-11-08T04:10:55.0000000,6447.9,6448,19.56935374,3.08368304
2018-11-08T04:10:55.0000000,6447.9,6448,19.56935374,3.0824442
2018-11-08T04:10:55.0000000,6447.9,6448,19.56935374,3.0814442
2018-11-08T04:10:55.0000000,6447.9,6448,19.56935374,2.15674716
2018-11-08T04:10:55.0000000,6447.9,6448,19.56935374,2.15674716
2018-11-08T04:10:55.0000000,6447.9,6448,19.17935374,2.15674716
2018-11-08T04:10:55.0000000,6447.9,6448,18.87435374,2.15674716
2018-11-08T04:10:55.0000000,6447.9,6448,17.86406198,2.15674716
2018-11-08T04:10:55.0000000,6447.9,6448,17.71406198,2.15674716
2018-11-08T04:10:55.0000000,6447.9,6448,17.56935374,2.15674716
2018-11-08T04:10:55.0000000,6447.9,6448,12.29764713,2.15674716
2018-11-08T04:10:55.0000000,6447.9,6448,12.29247801,2.15674716
2018-11-08T04:10:55.0000000,6447.9,6448,11.29247801,2.15674716
2018-11-08T04:10:55.0000000,6447.9,6448,11.29247801,3.15674716
2018-11-08T04:10:56.0000000,6447.9,6448,3.99247801,3.15674716
2018-11-08T04:10:58.0000000,6447.9,6448,3.99247801,3.14872111
2018-11-08T04:10:58.0000000,6447.99,6448,3.99247801,3.14872111
2018-11-08T04:10:59.0000000,6447.99,6448,3.99247801,3.29872111
2018-11-08T04:11:00.0000000,6447.99,6448,3.99247801,3.28288187
2018-11-08T04:11:00.0000000,6447.99,6448,3.99247801,3.28288187
2018-11-08T04:11:01.0000000,6447.99,6448,3.99247801,3.31992187
2018-11-08T04:11:01.0000000,6447.99,6448,3.99247801,3.34770187
2018-11-08T04:11:04.0000000,6447.99,6448,3.99247801,3.34407387
2018-11-08T04:11:04.0000000,6447.99,6448,3.99247801,3.34407387
2018-11-08T04:11:06.0000000,6447.99,6448,19.97536905,3.34407387
2018-11-08T04:11:07.0000000,6447.99,6448,19.97536905,3.41407387
2018-11-08T04:11:07.0000000,6447.99,6448,19.97536905,3.40666519
2018-11-08T04:11:07.0000000,6447.99,6448,19.97536905,3.40666519
2018-11-08T04:11:07.0000000,6447.99,6448,19.97536905,3.40283657
2018-11-08T04:11:07.0000000,6447.99,6448,19.97536905,3.40283657
2018-11-08T04:11:08.0000000,6447.99,6448,19.97536905,3.33283657
2018-11-08T04:11:09.0000000,6447.99,6448,20.41536905,3.33283657
2018-11-08T04:11:09.0000000,6447.99,6448,19.97536905,3.33283657
2018-11-08T04:11:09.0000000,6447.99,6448,19.97536905,3.32998015
2018-11-08T04:11:09.0000000,6447.99,6448,19.97536905,3.32998015
2018-11-08T04:11:10.0000000,6447.99,6448,20.32681273,3.32998015
2018-11-08T04:11:15.0000000,6447.99,6448,20.30309109,3.32998015
2018-11-08T04:11:15.0000000,6447.99,6448,20.30309109,3.32998015
2018-11-08T04:11:17.0000000,6447.99,6448,20.30309109,3.32681514
2018-11-08T04:11:17.0000000,6447.99,6448,20.30309109,3.32681514
2018-11-08T04:11:18.0000000,6447.99,6448,20.30309109,3.71881514
2018-11-08T04:11:19.0000000,6447.99,6448,20.30309109,3.32681514
2018-11-08T04:11:19.0000000,6447.99,6448,20.30309109,3.39681514
2018-11-08T04:11:19.0000000,6447.99,6448,20.74309109,3.39681514
2018-11-08T04:11:21.0000000,6447.99,6448,20.73939109,3.39681514
2018-11-08T04:11:21.0000000,6447.99,6448,20.73939109,3.39681514
2018-11-08T04:11:21.0000000,6447.99,6448,20.73939109,3.37767233
2018-11-08T04:11:21.0000000,6447.99,6448,20.73939109,3.37767233
2018-11-08T04:11:22.0000000,6447.99,6448,20.73661109,3.37767233
2018-11-08T04:11:22.0000000,6447.99,6448,20.73661109,3.37767233
2018-11-08T04:11:22.0000000,6447.99,6448,20.29661109,3.37767233
2018-11-08T04:11:22.0000000,6447.99,6448,20.29161109,3.37767233
2018-11-08T04:11:22.0000000,6447.99,6448,20.29161109,3.37767233
2018-11-08T04:11:22.0000000,6447.99,6448,20.29161109,3.30767233
2018-11-08T04:11:22.0000000,6447.99,6448,20.29161109,3.28838138
2018-11-08T04:11:22.0000000,6447.99,6448,20.29161109,3.28838138
2018-11-08T04:11:23.0000000,6447.99,6448,20.73161109,3.28838138
2018-11-08T04:11:23.0000000,6447.99,6448,20.29161109,3.28838138
2018-11-08T04:11:23.0000000,6447.99,6448,20.29161109,3.35838138
2018-11-08T04:11:23.0000000,6447.99,6448,20.29161109,3.81838138
2018-11-08T04:11:23.0000000,6447.99,6448,20.29161109,3.74838138
2018-11-08T04:11:24.0000000,6447.99,6448,20.29161109,3.81838138
2018-11-08T04:11:24.0000000,6447.99,6448,20.41412989,3.81838138
2018-11-08T04:11:24.0000000,6447.99,6448,20.41412989,3.74838138
2018-11-08T04:11:24.0000000,6447.99,6448,20.41412989,3.81838138
2018-11-08T04:11:24.0000000,6447.99,6448,20.41412989,3.74838138
2018-11-08T04:11:24.0000000,6447.99,6448,20.41412989,3.81838138
2018-11-08T04:11:24.0000000,6447.99,6448,20.41412989,3.74838138
2018-11-08T04:11:26.0000000,6447.99,6448,20.85412989,3.74838138
2018-11-08T04:11:27.0000000,6447.99,6448,20.93412989,3.74838138
2018-11-08T04:11:27.0000000,6447.99,6448,21.01412989,3.74838138
2018-11-08T04:11:27.0000000,6447.99,6448,20.57412989,3.74838138
2018-11-08T04:11:27.0000000,6447.99,6448,20.61412989,3.74838138
2018-11-08T04:11:28.0000000,6447.99,6448,21.05412989,3.74838138
2018-11-08T04:11:28.0000000,6447.99,6448,21.01412989,3.74838138
2018-11-08T04:11:28.0000000,6447.99,6448,20.93412989,3.74838138
2018-11-08T04:11:28.0000000,6447.99,6448,20.91074993,3.74838138
2018-11-08T04:11:28.0000000,6447.99,6448,20.91074993,3.74838138
2018-11-08T04:11:29.0000000,6447.99,6448,20.95074993,3.74838138
2018-11-08T04:11:29.0000000,6447.99,6448,20.91074993,3.74838138
2018-11-08T04:11:29.0000000,6447.99,6448,20.83074993,3.74838138
2018-11-08T04:11:31.0000000,6447.99,6448,20.83074993,3.28838138
2018-11-08T04:11:32.0000000,6447.99,6448,20.79113153,3.28838138
2018-11-08T04:11:32.0000000,6447.99,6448,20.75674993,3.28838138
2018-11-08T04:11:32.0000000,6447.99,6448,20.75674993,3.28838138
2018-11-08T04:11:33.0000000,6447.99,6448,20.75674993,3.27354242
2018-11-08T04:11:33.0000000,6447.99,6448,20.75674993,3.27354242
2018-11-08T04:11:35.0000000,6447.99,6448,20.75674993,3.73354242
2018-11-08T04:11:35.0000000,6447.99,6448,20.31674993,3.73354242
2018-11-08T04:11:35.0000000,6447.99,6448,20.75674993,3.73354242
2018-11-08T04:11:35.0000000,6447.99,6448,20.31674993,3.73354242
2018-11-08T04:11:35.0000000,6447.99,6448,20.75674993,3.73354242
2018-11-08T04:11:36.0000000,6447.99,6448,20.31674993,3.73354242
2018-11-08T04:11:36.0000000,6447.99,6448,20.31674993,3.27354242
2018-11-08T04:11:36.0000000,6447.99,6448,20.75674993,3.27354242
2018-11-08T04:11:36.0000000,6447.99,6448,20.31674993,3.27354242
2018-11-08T04:11:36.0000000,6447.99,6448,20.75674993,3.27354242
2018-11-08T04:11:36.0000000,6447.99,6448,20.75674993,3.25870346
2018-11-08T04:11:36.0000000,6447.99,6448,20.75674993,3.25870346
2018-11-08T04:11:36.0000000,6447.99,6448,20.31674993,3.25870346
2018-11-08T04:11:36.0000000,6447.99,6448,20.75674993,3.25870346
2018-11-08T04:11:37.0000000,6447.99,6448,20.31674993,3.25870346
2018-11-08T04:11:37.0000000,6447.99,6448,20.75674993,3.25870346
2018-11-08T04:11:37.0000000,6447.99,6448,20.31674993,3.25870346
2018-11-08T04:11:38.0000000,6447.99,6448,20.75674993,3.25870346
2018-11-08T04:11:38.0000000,6447.99,6448,20.31674993,3.25870346
2018-11-08T04:11:39.0000000,6447.99,6448,20.31674993,3.18170346
2018-11-08T04:11:39.0000000,6447.99,6448,20.31674993,3.18170346
2018-11-08T04:11:39.0000000,6447.99,6448,20.31674993,3.25170346
2018-11-08T04:11:39.0000000,6447.99,6448,20.31674993,3.18170346
2018-11-08T04:11:39.0000000,6447.99,6448,20.31674993,3.25170346
2018-11-08T04:11:39.0000000,6447.99,6448,20.31674993,3.18170346
2018-11-08T04:11:39.0000000,6447.99,6448,20.31674993,3.17070315
2018-11-08T04:11:39.0000000,6447.99,6448,20.31674993,3.17070315
2018-11-08T04:11:40.0000000,6447.99,6448,20.75674993,3.17070315
2018-11-08T04:11:40.0000000,6447.99,6448,20.75674993,3.60070315
2018-11-08T04:11:40.0000000,6447.99,6448,20.75674993,3.17070315
2018-11-08T04:11:41.0000000,6447.99,6448,20.75396993,3.17070315
2018-11-08T04:11:41.0000000,6447.99,6448,20.75396993,3.17070315
2018-11-08T04:11:41.0000000,6447.99,6448,20.75026993,3.17070315
2018-11-08T04:11:41.0000000,6447.99,6448,20.75026993,3.17070315
2018-11-08T04:11:42.0000000,6447.99,6448,20.83026993,3.17070315
2018-11-08T04:11:42.0000000,6447.99,6448,20.91026993,3.17070315
2018-11-08T04:11:42.0000000,6447.99,6448,20.95026993,3.17070315
2018-11-08T04:11:42.0000000,6447.99,6448,20.91026993,3.17070315
2018-11-08T04:11:42.0000000,6447.99,6448,20.83026993,3.17070315
2018-11-08T04:11:42.0000000,6447.99,6448,20.75026993,3.17070315
2018-11-08T04:11:43.0000000,6447.99,6448,20.79026993,3.17070315
2018-11-08T04:11:43.0000000,6447.99,6448,20.75026993,3.17070315
2018-11-08T04:11:44.0000000,6447.99,6448,20.83026993,3.17070315
2018-11-08T04:11:44.0000000,6447.99,6448,20.91026993,3.17070315
2018-11-08T04:11:44.0000000,6447.99,6448,20.91026993,3.45870315
2018-11-08T04:11:44.0000000,6447.99,6448,20.95026993,3.45870315
2018-11-08T04:11:46.0000000,6447.99,6448,20.56826993,3.45870315
2018-11-08T04:11:46.0000000,6447.99,6448,20.56826993,3.45870315
2018-11-08T04:11:46.0000000,6447.99,6448,20.56826993,3.17070315
2018-11-08T04:11:47.0000000,6447.99,6448,20.56826993,3.12544248
2018-11-08T04:11:47.0000000,6447.99,6448,20.56826993,3.12544248
2018-11-08T04:11:47.0000000,6447.99,6448,20.99113153,3.12544248
2018-11-08T04:11:50.0000000,6447.99,6448,20.95113153,3.12544248
2018-11-08T04:11:50.0000000,6447.99,6448,20.95113153,3.39644248
2018-11-08T04:11:50.0000000,6447.99,6448,20.87113153,3.39644248
2018-11-08T04:11:50.0000000,6447.99,6448,20.79113153,3.39644248
2018-11-08T04:11:50.0000000,6447.99,6448,20.79113153,3.41211505
2018-11-08T04:11:51.0000000,6447.99,6448,20.79113153,3.21211505
2018-11-08T04:11:51.0000000,6447.99,6448,20.79113153,3.21211505
2018-11-08T04:11:52.0000000,6447.99,6448,20.79113153,3.09592182
2018-11-08T04:11:52.0000000,6447.99,6448,20.79113153,3.09592182
2018-11-08T04:11:52.0000000,6447.99,6448,20.81393153,3.09592182
2018-11-08T04:11:54.0000000,6447.99,6448,20.80613821,3.09592182
2018-11-08T04:11:54.0000000,6447.99,6448,20.80613821,3.09592182
2018-11-08T04:11:54.0000000,6447.99,6448,20.80613821,2.82492182
2018-11-08T04:11:55.0000000,6447.99,6448,30.45939096,2.82492182
2018-11-08T04:11:56.0000000,6447.99,6448,30.45939096,2.80514786
2018-11-08T04:11:56.0000000,6447.99,6448,30.45939096,2.80514786
2018-11-08T04:11:56.0000000,6447.99,6448,30.53939096,2.80514786
2018-11-08T04:11:56.0000000,6447.99,6448,30.61939096,2.80514786
2018-11-08T04:11:56.0000000,6447.99,6448,30.65939096,2.80514786
2018-11-08T04:11:57.0000000,6447.99,6448,30.61939096,2.80514786
2018-11-08T04:11:57.0000000,6447.99,6448,30.53939096,2.80514786
2018-11-08T04:11:57.0000000,6447.99,6448,30.45939096,2.80514786
2018-11-08T04:11:57.0000000,6447.99,6448,30.45939096,2.76514786
2018-11-08T04:11:57.0000000,6447.99,6448,30.45939096,2.76514786
2018-11-08T04:11:58.0000000,6447.99,6448,31.70039096,2.76514786
2018-11-08T04:11:58.0000000,6447.99,6448,31.70039096,3.15914786
2018-11-08T04:11:58.0000000,6447.99,6448,30.45939096,3.15914786
2018-11-08T04:11:58.0000000,6447.99,6448,30.53939096,3.15914786
2018-11-08T04:11:58.0000000,6447.99,6448,30.54939096,3.15914786
2018-11-08T04:11:58.0000000,6447.99,6448,30.62939096,3.15914786
2018-11-08T04:11:59.0000000,6447.99,6448,30.65939096,3.15914786
2018-11-08T04:11:59.0000000,6447.99,6448,30.64939096,3.15914786
2018-11-08T04:11:59.0000000,6447.99,6448,30.64939096,2.76514786
2018-11-08T04:11:59.0000000,6447.99,6448,30.61939096,2.76514786
2018-11-08T04:11:59.0000000,6447.99,6448,30.65939096,2.76514786
2018-11-08T04:12:00.0000000,6447.99,6448,30.65939096,2.61141127
2018-11-08T04:12:00.0000000,6447.99,6448,30.65939096,2.61141127
2018-11-08T04:12:00.0000000,6447.99,6448,31.90039096,2.61141127
2018-11-08T04:12:01.0000000,6447.99,6448,31.89761096,2.61141127
2018-11-08T04:12:01.0000000,6447.99,6448,31.89761096,2.61141127
2018-11-08T04:12:01.0000000,6447.99,6448,31.89391096,2.61141127
2018-11-08T04:12:01.0000000,6447.99,6448,31.89391096,2.61141127
2018-11-08T04:12:02.0000000,6447.99,6448,31.91391096,2.61141127
2018-11-08T04:12:02.0000000,6447.99,6448,31.88893096,2.61141127
2018-11-08T04:12:02.0000000,6447.99,6448,31.88893096,2.61141127
2018-11-08T04:12:03.0000000,6447.99,6448,31.44893096,2.61141127
2018-11-08T04:12:03.0000000,6447.99,6448,31.44893096,2.90141127
2018-11-08T04:12:04.0000000,6447.99,6448,31.40893096,2.90141127
2018-11-08T04:12:04.0000000,6447.99,6448,31.32893096,2.90141127
2018-11-08T04:12:04.0000000,6447.99,6448,31.24893096,2.90141127
2018-11-08T04:12:04.0000000,6447.99,6448,31.24893096,2.89666762
2018-11-08T04:12:04.0000000,6447.99,6448,31.24893096,2.89666762
2018-11-08T04:12:04.0000000,6447.99,6448,31.28893096,2.89666762
2018-11-08T04:12:04.0000000,6447.99,6448,31.72893096,2.89666762
2018-11-08T04:12:04.0000000,6447.99,6448,31.80893096,2.89666762
2018-11-08T04:12:04.0000000,6447.99,6448,31.88893096,2.89666762
2018-11-08T04:12:06.0000000,6447.99,6448,30.64793096,2.89666762
2018-11-08T04:12:07.0000000,6447.99,6448,31.14493096,2.89666762
2018-11-08T04:12:07.0000000,6447.99,6448,31.14493096,2.60666762
2018-11-08T04:12:07.0000000,6447.99,6448,31.14493096,2.59895186
2018-11-08T04:12:07.0000000,6447.99,6448,31.14493096,2.59895186
2018-11-08T04:12:07.0000000,6447.99,6448,30.64793096,2.59895186
2018-11-08T04:12:07.0000000,6447.99,6448,30.64793096,2.58352033
2018-11-08T04:12:07.0000000,6447.99,6448,30.64793096,2.58352033
2018-11-08T04:12:08.0000000,6447.99,6448,30.64793096,2.58212995
2018-11-08T04:12:08.0000000,6447.99,6448,30.64793096,2.58212995
2018-11-08T04:12:10.0000000,6447.99,6448,30.60093096,2.58212995
2018-11-08T04:12:10.0000000,6447.99,6448,30.60093096,2.58212995
2018-11-08T04:12:11.0000000,6447.99,6448,30.60093096,3.04212995
2018-11-08T04:12:11.0000000,6447.99,6448,30.56093096,3.04212995
2018-11-08T04:12:12.0000000,6447.99,6448,30.48093096,3.04212995
2018-11-08T04:12:12.0000000,6447.99,6448,30.40093096,3.04212995
2018-11-08T04:12:12.0000000,6447.99,6448,30.44093096,3.04212995
2018-11-08T04:12:12.0000000,6447.99,6448,30.52093096,3.04212995
2018-11-08T04:12:12.0000000,6447.99,6448,30.60093096,3.04212995
2018-11-08T04:12:16.0000000,6447.99,6448,30.60093096,3.03881063
2018-11-08T04:12:16.0000000,6447.99,6448,30.60093096,3.03881063
2018-11-08T04:12:16.0000000,6447.99,6448,31.84193096,3.03881063
2018-11-08T04:12:17.0000000,6447.99,6448,30.60093096,3.03881063
2018-11-08T04:12:17.0000000,6447.99,6448,30.60093096,3.03448826
2018-11-08T04:12:17.0000000,6447.99,6448,30.60093096,3.03448826
2018-11-08T04:12:17.0000000,6447.99,6448,30.60093096,3.02261679
2018-11-08T04:12:17.0000000,6447.99,6448,30.60093096,3.02261679
2018-11-08T04:12:19.0000000,6447.99,6448,30.819778,3.02261679
2018-11-08T04:12:19.0000000,6447.99,6448,30.686778,3.02261679
2018-11-08T04:12:19.0000000,6447.99,6448,30.686778,3.02261679
2018-11-08T04:12:19.0000000,6447.99,6448,30.6365516,3.02261679
2018-11-08T04:12:19.0000000,6447.99,6448,30.6365516,3.02261679
2018-11-08T04:12:19.0000000,6447.99,6448,30.85580492,3.02261679
2018-11-08T04:12:20.0000000,6447.99,6448,32.09680492,3.02261679
2018-11-08T04:12:21.0000000,6447.99,6448,32.09402492,3.02261679
2018-11-08T04:12:21.0000000,6447.99,6448,32.09402492,3.02261679
2018-11-08T04:12:21.0000000,6447.99,6448,32.09402492,2.56261679
2018-11-08T04:12:21.0000000,6447.99,6448,30.85302492,2.56261679
2018-11-08T04:12:21.0000000,6447.99,6448,30.84932492,2.56261679
2018-11-08T04:12:21.0000000,6447.99,6448,30.84932492,2.56261679
2018-11-08T04:12:22.0000000,6447.99,6448,32.09032492,2.56261679
2018-11-08T04:12:22.0000000,6447.99,6448,30.84932492,2.56261679
2018-11-08T04:12:23.0000000,6447.99,6448,32.09032492,2.56261679
2018-11-08T04:12:23.0000000,6447.99,6448,30.84932492,2.56261679
2018-11-08T04:12:23.0000000,6447.99,6448,32.09032492,2.56261679
2018-11-08T04:12:23.0000000,6447.99,6448,32.09032492,2.55898884
2018-11-08T04:12:23.0000000,6447.99,6448,32.09032492,2.55898884
2018-11-08T04:12:25.0000000,6447.99,6448,32.09265123,2.55898884
2018-11-08T04:12:25.0000000,6447.99,6448,32.09032492,2.55898884
2018-11-08T04:12:25.0000000,6447.99,6448,32.09032492,2.56998884
2018-11-08T04:12:25.0000000,6447.99,6448,31.94001202,2.56998884
2018-11-08T04:12:25.0000000,6447.99,6448,31.94001202,2.56998884
2018-11-08T04:12:26.0000000,6447.99,6448,31.89387556,2.56998884
2018-11-08T04:12:26.0000000,6447.99,6448,31.89387556,2.56998884
2018-11-08T04:12:26.0000000,6447.99,6448,32.10089486,2.56998884
2018-11-08T04:12:27.0000000,6447.99,6448,32.08479486,2.56998884
2018-11-08T04:12:27.0000000,6447.99,6448,32.08479486,2.56998884
2018-11-08T04:12:29.0000000,6447.99,6448,32.00479486,2.56998884
2018-11-08T04:12:29.0000000,6447.99,6448,31.92479486,2.56998884
2018-11-08T04:12:29.0000000,6447.99,6448,31.88479486,2.56998884
2018-11-08T04:12:29.0000000,6447.99,6448,31.93479486,2.56998884
2018-11-08T04:12:29.0000000,6447.99,6448,32.01479486,2.56998884
2018-11-08T04:12:29.0000000,6447.99,6448,32.08479486,2.56998884
2018-11-08T04:12:30.0000000,6447.99,6448,32.03479486,2.56998884
2018-11-08T04:12:30.0000000,6447.99,6448,31.96479486,2.56998884
2018-11-08T04:12:30.0000000,6447.99,6448,31.88479486,2.56998884
2018-11-08T04:12:30.0000000,6447.99,6448,31.93479486,2.56998884
2018-11-08T04:12:30.0000000,6447.99,6448,32.00479486,2.56998884
2018-11-08T04:12:30.0000000,6447.99,6448,32.08479486,2.56998884
2018-11-08T04:12:31.0000000,6447.99,6448,30.84379486,2.56998884
2018-11-08T04:12:32.0000000,6447.99,6448,32.08479486,2.56998884
2018-11-08T04:12:34.0000000,6447.99,6448,30.84379486,2.56998884
2018-11-08T04:12:35.0000000,6447.99,6448,30.84379486,2.56636089
2018-11-08T04:12:35.0000000,6447.99,6448,32.08479486,2.56636089
2018-11-08T04:12:35.0000000,6447.99,6448,32.08479486,2.56636089
2018-11-08T04:12:36.0000000,6447.99,6448,32.08479486,2.56497051
2018-11-08T04:12:36.0000000,6447.99,6448,32.08479486,2.56497051
2018-11-08T04:12:38.0000000,6447.99,6448,31.64479486,2.56497051
2018-11-08T04:12:38.0000000,6447.99,6448,32.08479486,2.56497051
2018-11-08T04:12:38.0000000,6447.99,6448,31.64479486,2.56497051
2018-11-08T04:12:39.0000000,6447.99,6448,30.40379486,2.56497051
2018-11-08T04:12:39.0000000,6447.99,6448,30.84379486,2.56497051
2018-11-08T04:12:39.0000000,6447.99,6448,30.40379486,2.56497051
2018-11-08T04:12:39.0000000,6447.99,6448,31.64479486,2.56497051
2018-11-08T04:12:39.0000000,6447.99,6448,30.40379486,2.56497051
2018-11-08T04:12:39.0000000,6447.99,6448,31.64479486,2.56497051
2018-11-08T04:12:40.0000000,6447.99,6448,30.40379486,2.56497051
2018-11-08T04:12:40.0000000,6447.99,6448,30.40379486,2.63497051
2018-11-08T04:12:40.0000000,6447.99,6448,30.40379486,2.56497051
2018-11-08T04:12:40.0000000,6447.99,6448,30.84379486,2.56497051
2018-11-08T04:12:40.0000000,6447.99,6448,30.82175783,2.56497051
2018-11-08T04:12:40.0000000,6447.99,6448,30.82175783,2.56497051
2018-11-08T04:12:40.0000000,6447.99,6448,32.06275783,2.56497051
2018-11-08T04:12:41.0000000,6447.99,6448,32.01343078,2.56497051
2018-11-08T04:12:41.0000000,6447.99,6448,32.01343078,2.56497051
2018-11-08T04:12:41.0000000,6447.99,6448,32.00973078,2.56497051
2018-11-08T04:12:41.0000000,6447.99,6448,32.00973078,2.56497051
2018-11-08T04:12:41.0000000,6447.99,6448,30.76873078,2.56497051
2018-11-08T04:12:41.0000000,6447.99,6448,30.76595078,2.56497051
2018-11-08T04:12:41.0000000,6447.99,6448,30.76595078,2.56497051
2018-11-08T04:12:42.0000000,6447.99,6448,32.00695078,2.56497051
2018-11-08T04:12:42.0000000,6447.99,6448,32.00695078,2.52787158
2018-11-08T04:12:42.0000000,6447.99,6448,32.00695078,2.52787158
2018-11-08T04:12:42.0000000,6447.99,6448,32.14703132,2.52787158
2018-11-08T04:12:42.0000000,6447.99,6448,30.90603132,2.52787158
2018-11-08T04:12:42.0000000,6447.99,6448,30.46603132,2.52787158
2018-11-08T04:12:42.0000000,6447.99,6448,30.90603132,2.52787158
2018-11-08T04:12:42.0000000,6447.99,6448,32.14703132,2.52787158
2018-11-08T04:12:42.0000000,6447.99,6448,31.70703132,2.52787158
2018-11-08T04:12:43.0000000,6447.99,6448,32.14703132,2.52787158
2018-11-08T04:12:43.0000000,6447.99,6448,32.09703132,2.52787158
2018-11-08T04:12:43.0000000,6447.99,6448,30.85603132,2.52787158
2018-11-08T04:12:43.0000000,6447.99,6448,30.78603132,2.52787158
2018-11-08T04:12:43.0000000,6447.99,6448,30.70603132,2.52787158
2018-11-08T04:12:43.0000000,6447.99,6448,30.75603132,2.52787158
2018-11-08T04:12:43.0000000,6447.99,6448,30.82603132,2.52787158
2018-11-08T04:12:43.0000000,6447.99,6448,30.90603132,2.52787158
2018-11-08T04:12:44.0000000,6447.99,6448,31.40303132,2.52787158
2018-11-08T04:12:45.0000000,6447.99,6448,30.90603132,2.52787158
2018-11-08T04:12:45.0000000,6447.99,6448,31.40303132,2.52787158
2018-11-08T04:12:45.0000000,6447.99,6448,31.40303132,2.51705582
2018-11-08T04:12:45.0000000,6447.99,6448,31.40303132,2.51705582
2018-11-08T04:12:47.0000000,6447.99,6448,31.35303132,2.51705582
2018-11-08T04:12:47.0000000,6447.99,6448,31.28303132,2.51705582
2018-11-08T04:12:47.0000000,6447.99,6448,31.20303132,2.51705582
2018-11-08T04:12:47.0000000,6447.99,6448,31.25303132,2.51705582
2018-11-08T04:12:47.0000000,6447.99,6448,31.33303132,2.51705582
2018-11-08T04:12:47.0000000,6447.99,6448,31.40303132,2.51705582
2018-11-08T04:12:48.0000000,6447.99,6448,31.40303132,2.51342787
2018-11-08T04:12:48.0000000,6447.99,6448,31.40303132,2.51342787
2018-11-08T04:12:49.0000000,6447.99,6448,31.28994707,2.51342787
2018-11-08T04:12:49.0000000,6447.99,6448,31.28994707,2.51342787
2018-11-08T04:12:50.0000000,6447.99,6448,31.28994707,2.50632937
2018-11-08T04:12:50.0000000,6447.99,6448,31.28994707,2.50632937
2018-11-08T04:12:51.0000000,6447.99,6448,30.61164707,2.50632937
2018-11-08T04:12:51.0000000,6447.99,6448,30.72473132,2.50632937
2018-11-08T04:12:51.0000000,6447.99,6448,30.72473132,2.50632937
2018-11-08T04:12:53.0000000,6447.99,6448,30.72473132,2.49149041
2018-11-08T04:12:53.0000000,6447.99,6448,30.72473132,2.49149041
2018-11-08T04:12:53.0000000,6447.99,6448,31.40303132,2.49149041
2018-11-08T04:12:54.0000000,6447.99,6448,30.90603132,2.49149041
2018-11-08T04:12:55.0000000,6447.99,6448,30.93921995,2.49149041
2018-11-08T04:12:55.0000000,6447.99,6448,31.43621995,2.49149041
2018-11-08T04:12:56.0000000,6447.99,6448,30.93921995,2.49149041
2018-11-08T04:12:56.0000000,6447.99,6448,30.94021995,2.49149041
2018-11-08T04:12:56.0000000,6447.99,6448,31.43721995,2.49149041
2018-11-08T04:12:57.0000000,6447.99,6448,31.43721995,2.47652029
2018-11-08T04:12:57.0000000,6447.99,6448,31.43721995,2.47652029
2018-11-08T04:12:57.0000000,6447.99,6448,31.43721995,2.46880453
2018-11-08T04:12:57.0000000,6447.99,6448,31.43721995,2.46880453
2018-11-08T04:13:00.0000000,6447.99,6448,31.43721995,2.46448216
2018-11-08T04:13:00.0000000,6447.99,6448,31.43721995,2.46448216
2018-11-08T04:13:00.0000000,6447.99,6448,31.43721995,2.44951204
2018-11-08T04:13:00.0000000,6447.99,6448,31.43721995,2.44951204
2018-11-08T04:13:01.0000000,6447.99,6448,31.43351995,2.44951204
2018-11-08T04:13:01.0000000,6447.99,6448,31.43351995,2.44951204
2018-11-08T04:13:01.0000000,6447.99,6448,30.93651995,2.44951204
2018-11-08T04:13:01.0000000,6447.99,6448,30.93373995,2.44951204
2018-11-08T04:13:01.0000000,6447.99,6448,30.93373995,2.44951204
2018-11-08T04:13:02.0000000,6447.99,6448,31.87673995,2.44951204
2018-11-08T04:13:02.0000000,6447.99,6448,30.93373995,2.44951204
2018-11-08T04:13:03.0000000,6447.99,6448,30.49373995,2.44951204
2018-11-08T04:13:04.0000000,6447.99,6448,30.49373995,2.51951204
2018-11-08T04:13:04.0000000,6447.99,6448,30.48863995,2.51951204
2018-11-08T04:13:04.0000000,6447.99,6448,30.48863995,2.51951204
2018-11-08T04:13:04.0000000,6447.99,6448,30.92863995,2.51951204
2018-11-08T04:13:04.0000000,6447.99,6448,30.92863995,2.44951204
2018-11-08T04:13:04.0000000,6447.99,6448,32.16963995,2.44951204
2018-11-08T04:13:04.0000000,6447.99,6448,30.92863995,2.44951204
2018-11-08T04:13:05.0000000,6447.99,6448,30.92863995,2.25184806
2018-11-08T04:13:05.0000000,6447.99,6448,30.92863995,2.25184806
2018-11-08T04:13:07.0000000,6447.99,6448,30.92863995,2.23997659
2018-11-08T04:13:07.0000000,6447.99,6448,30.92863995,2.23997659
2018-11-08T04:13:07.0000000,6447.99,6448,30.85863995,2.23997659
2018-11-08T04:13:07.0000000,6447.99,6448,30.77863995,2.23997659
2018-11-08T04:13:07.0000000,6447.99,6448,30.72863995,2.23997659
2018-11-08T04:13:09.0000000,6447.99,6448,30.72863995,2.02268404
2018-11-08T04:13:09.0000000,6447.99,6448,30.72863995,1.78914915
2018-11-08T04:13:09.0000000,6447.99,6448,30.72863995,1.78914915
2018-11-08T04:13:12.0000000,6447.99,6448,30.72863995,1.78050595
2018-11-08T04:13:12.0000000,6447.99,6448,30.72863995,1.78050595
2018-11-08T04:13:14.0000000,6447.99,6448,30.77863995,1.78050595
2018-11-08T04:13:14.0000000,6447.99,6448,30.83863995,1.78050595
2018-11-08T04:13:14.0000000,6447.99,6448,30.91863995,1.78050595
2018-11-08T04:13:14.0000000,6447.99,6448,30.92863995,1.78050595
2018-11-08T04:13:14.0000000,6447.99,6448,30.92863995,1.77170844
2018-11-08T04:13:14.0000000,6447.99,6448,30.92863995,1.77170844
2018-11-08T04:13:17.0000000,6447.99,6448,30.92863995,1.73388586
2018-11-08T04:13:17.0000000,6447.99,6448,30.92863995,1.73388586
2018-11-08T04:13:20.0000000,6447.99,6448,30.91863995,1.73388586
2018-11-08T04:13:20.0000000,6447.99,6448,30.92863995,1.73388586
2018-11-08T04:13:20.0000000,6447.99,6448,32.16963995,1.73388586
2018-11-08T04:13:21.0000000,6447.99,6448,32.16593995,1.73388586
2018-11-08T04:13:21.0000000,6447.99,6448,32.16593995,1.73388586
2018-11-08T04:13:21.0000000,6447.99,6448,32.16315995,1.73388586
2018-11-08T04:13:21.0000000,6447.99,6448,32.16315995,1.73388586
2018-11-08T04:13:22.0000000,6447.99,6448,32.15315995,1.73388586
2018-11-08T04:13:22.0000000,6447.99,6448,32.15315995,1.72288586
2018-11-08T04:13:22.0000000,6447.99,6448,31.95181896,1.72288586
2018-11-08T04:13:22.0000000,6447.99,6448,31.95181896,1.72288586
2018-11-08T04:13:22.0000000,6447.99,6448,31.94664991,1.72288586
2018-11-08T04:13:22.0000000,6447.99,6448,31.90015995,1.72288586
2018-11-08T04:13:22.0000000,6447.99,6448,31.90015995,1.72288586
2018-11-08T04:13:22.0000000,6447.99,6448,31.46015995,1.72288586
2018-11-08T04:13:22.0000000,6447.99,6448,31.41015995,1.72288586
2018-11-08T04:13:22.0000000,6447.99,6448,31.85015995,1.72288586
2018-11-08T04:13:22.0000000,6447.99,6448,31.79015995,1.72288586
2018-11-08T04:13:22.0000000,6447.99,6448,31.85015995,1.72288586
2018-11-08T04:13:22.0000000,6447.99,6448,31.91015995,1.72288586
2018-11-08T04:13:23.0000000,6447.99,6448,31.92566865,1.72288586
2018-11-08T04:13:23.0000000,6447.99,6448,31.92799496,1.72288586
2018-11-08T04:13:23.0000000,6447.99,6448,31.92566865,1.72288586
2018-11-08T04:13:23.0000000,6447.99,6448,31.92799496,1.72288586
2018-11-08T04:13:23.0000000,6447.99,6448,31.92566865,1.72288586
2018-11-08T04:13:24.0000000,6447.99,6448,31.92799496,1.72288586
2018-11-08T04:13:24.0000000,6447.99,6448,31.92566865,1.72288586
2018-11-08T04:13:26.0000000,6447.99,6448,31.92566865,1.72188586
2018-11-08T04:13:26.0000000,6447.99,6448,31.92566865,1.72188586
2018-11-08T04:13:27.0000000,6447.99,6448,31.92566865,1.88988586
2018-11-08T04:13:34.0000000,6447.99,6448,31.92348049,1.88988586
2018-11-08T04:13:34.0000000,6447.99,6448,31.92348049,1.88988586
2018-11-08T04:13:34.0000000,6447.99,6448,31.84348049,1.88988586
2018-11-08T04:13:34.0000000,6447.99,6448,31.78348049,1.88988586
2018-11-08T04:13:34.0000000,6447.99,6448,31.72348049,1.88988586
2018-11-08T04:13:34.0000000,6447.99,6448,31.78348049,1.88988586
2018-11-08T04:13:35.0000000,6447.99,6448,31.86348049,1.88988586
2018-11-08T04:13:35.0000000,6447.99,6448,31.92348049,1.88988586
2018-11-08T04:13:36.0000000,6447.99,6448,31.92348049,1.87491574
2018-11-08T04:13:36.0000000,6447.99,6448,31.92348049,1.87491574
2018-11-08T04:13:36.0000000,6447.99,6448,32.14288148,1.87491574
2018-11-08T04:13:37.0000000,6447.99,6448,32.14288148,1.70691574
2018-11-08T04:13:40.0000000,6447.99,6448,32.14288148,1.70405936
2018-11-08T04:13:40.0000000,6447.99,6448,32.14288148,1.70405936
2018-11-08T04:13:40.0000000,6447.99,6448,32.14288148,1.64499828
2018-11-08T04:13:40.0000000,6447.99,6448,32.14288148,1.64499828
2018-11-08T04:13:41.0000000,6447.99,6448,32.13918148,1.64499828
2018-11-08T04:13:41.0000000,6447.99,6448,32.13918148,1.64499828
2018-11-08T04:13:41.0000000,6447.99,6448,32.13918148,1.96499828
2018-11-08T04:13:42.0000000,6447.99,6448,32.13640148,1.96499828
2018-11-08T04:13:42.0000000,6447.99,6448,32.13640148,1.96499828
2018-11-08T04:13:42.0000000,6447.99,6448,37.13640148,1.96499828
2018-11-08T04:13:42.0000000,6447.99,6448,37.13640148,1.64499828
2018-11-08T04:13:47.0000000,6447.99,6448,37.13640148,1.63990433
2018-11-08T04:13:47.0000000,6447.99,6448,37.13640148,1.63990433
2018-11-08T04:13:47.0000000,6447.99,6448,37.13640148,1.82590433
2018-11-08T04:13:49.0000000,6447.99,6448,37.13640148,1.63990433
2018-11-08T04:13:49.0000000,6447.99,6448,36.84643538,1.63990433
2018-11-08T04:13:49.0000000,6447.99,6448,36.84643538,1.63990433
2018-11-08T04:13:53.0000000,6447.99,6448,36.84643538,1.84690433
2018-11-08T04:13:54.0000000,6447.99,6448,36.84643538,1.63990433
2018-11-08T04:13:54.0000000,6447.99,6448,36.84643538,1.61262293
2018-11-08T04:13:54.0000000,6447.99,6448,36.84643538,1.61262293
2018-11-08T04:13:56.0000000,6447.99,6448,36.65939567,1.61262293
2018-11-08T04:13:56.0000000,6447.99,6448,36.65939567,1.61262293
2018-11-08T04:13:58.0000000,6447.99,6448,36.64914878,1.61262293
2018-11-08T04:13:58.0000000,6447.99,6448,36.64914878,1.61262293
2018-11-08T04:13:59.0000000,6447.99,6448,38.64914878,1.61262293
2018-11-08T04:14:01.0000000,6447.99,6448,38.64544878,1.61262293
2018-11-08T04:14:01.0000000,6447.99,6448,38.64544878,1.61262293
2018-11-08T04:14:02.0000000,6447.99,6448,38.64266878,1.61262293
2018-11-08T04:14:02.0000000,6447.99,6448,38.64266878,1.61262293
2018-11-08T04:14:02.0000000,6447.99,6448,38.95076878,1.61262293
2018-11-08T04:14:02.0000000,6447.99,6448,38.64266878,1.61262293
2018-11-08T04:14:02.0000000,6447.99,6448,38.95076878,1.61262293
2018-11-08T04:14:02.0000000,6447.99,6448,38.64266878,1.61262293
2018-11-08T04:14:02.0000000,6447.99,6448,38.95076878,1.61262293
2018-11-08T04:14:03.0000000,6447.99,6448,44.44776878,1.61262293
2018-11-08T04:14:05.0000000,6447.99,6448,44.43276878,1.61262293
2018-11-08T04:14:05.0000000,6447.99,6448,44.43276878,1.61262293
2018-11-08T04:14:05.0000000,6447.99,6448,44.43276878,2.07262293
2018-11-08T04:14:06.0000000,6447.99,6448,44.15194878,2.07262293
2018-11-08T04:14:06.0000000,6447.99,6448,44.15194878,2.07262293
2018-11-08T04:14:06.0000000,6447.99,6448,44.15194878,1.61262293
2018-11-08T04:14:09.0000000,6447.99,6448,44.15194878,1.61146248
2018-11-08T04:14:09.0000000,6447.99,6448,44.15194878,1.61146248
2018-11-08T04:14:09.0000000,6447.99,6448,44.64822747,1.61146248
2018-11-08T04:14:10.0000000,6447.99,6448,44.15194878,1.61146248
2018-11-08T04:14:10.0000000,6447.99,6448,44.15194878,1.23049257
2018-11-08T04:14:10.0000000,6447.99,6448,44.15194878,0.23049257
2018-11-08T04:14:10.0000000,6447.99,6448,44.15194878,0.23049257
2018-11-08T04:14:10.0000000,6447.99,6448,44.15194878,0.08049257
2018-11-08T04:14:10.0000000,6447.99,6448,44.15194878,0.04345257
2018-11-08T04:14:10.0000000,6447.99,6448,44.15194878,0.04345257
2018-11-08T04:14:10.0000000,6447.99,6448,44.15194878,0.01567257
2018-11-08T04:14:10.0000000,6447.99,6448,44.15194878,0.00026248
2018-11-08T04:14:10.0000000,6447.99,6448,44.15194878,0.00026248
2018-11-08T04:14:10.0000000,6447.99,6448,44.64822747,0.00026248
2018-11-08T04:14:10.0000000,6447.99,6448,44.64822747,0
2018-11-08T04:14:10.0000000,6447.99,6448.77,44.64822747,0
2018-11-08T04:14:10.0000000,6447.99,6448.77,44.64822747,0.00030132
2018-11-08T04:14:10.0000000,6447.99,6448.77,44.64822747,0.00030132
2018-11-08T04:14:10.0000000,6447.99,6448.77,44.22536587,0.00030132
2018-11-08T04:14:10.0000000,6447.99,6448.77,44.08528533,0.00030132
2018-11-08T04:14:10.0000000,6447.99,6448.77,43.86588434,0.00030132
2018-11-08T04:14:10.0000000,6447.99,6448.77,43.65886504,0.00030132
2018-11-08T04:14:10.0000000,6447.99,6448.77,43.35076504,0.00030132
2018-11-08T04:14:10.0000000,6447.99,6448.77,43.23768079,0.00030132
2018-11-08T04:14:10.0000000,6447.99,6448.77,42.55938079,0.00030132
2018-11-08T04:14:10.0000000,6447.99,6448.77,42.34012747,0.00030132
2018-11-08T04:14:10.0000000,6447.99,6448.77,41.90012747,0.00030132
2018-11-08T04:14:10.0000000,6447.99,6448.77,41.40384878,0.00030132
2018-11-08T04:14:10.0000000,6447.99,6448.77,40.40384878,0.00030132
2018-11-08T04:14:10.0000000,6447.99,6448.77,38.40384878,0.00030132
2018-11-08T04:14:10.0000000,6447.99,6448.77,37.16284878,0.00030132
2018-11-08T04:14:10.0000000,6447.99,6448.77,37.10284878,0.00030132
2018-11-08T04:14:10.0000000,6447.99,6448.77,36.88400174,0.00030132
2018-11-08T04:14:10.0000000,6447.99,6448.77,36.88400174,0
2018-11-08T04:14:10.0000000,6447.99,6448.77,36.88400174,0.73176261
2018-11-08T04:14:10.0000000,6448.77,6449,36.88400174,0.73176261
2018-11-08T04:14:10.0000000,6448.77,6449,1.73176261,0.73176261
2018-11-08T04:14:10.0000000,6448.77,6449,1.73176261,0.00914362
2018-11-08T04:14:10.0000000,6448.99,6449,1.73176261,0.00914362
2018-11-08T04:14:10.0000000,6448.99,6449,1.1008,0.00914362
2018-11-08T04:14:10.0000000,6448.99,6449,3.1008,0.00914362
2018-11-08T04:14:10.0000000,6448.99,6449,3.1008,0
2018-11-08T04:14:10.0000000,6448.99,6449,3.1008,0.72261899
2018-11-08T04:14:10.0000000,6449,6449.03,3.1008,0.72261899
2018-11-08T04:14:10.0000000,6449,6449.03,1.72261899,0.72261899
2018-11-08T04:14:10.0000000,6449,6449.03,4.22261899,0.72261899
2018-11-08T04:14:10.0000000,6449,6449.03,6.12261899,0.72261899
2018-11-08T04:14:10.0000000,6449,6449.03,6.12261899,1.001
2018-11-08T04:14:10.0000000,6449,6449.03,5.4,1.001
2018-11-08T04:14:10.0000000,6449,6449.03,5.4,0.001
2018-11-08T04:14:10.0000000,6449,6449.03,5.4,0
2018-11-08T04:14:10.0000000,6449,6449.03,5.4,0.72161899
2018-11-08T04:14:10.0000000,6449.03,6449.24,5.4,0.72161899
2018-11-08T04:14:10.0000000,6449.03,6449.24,0,0.72161899
2018-11-08T04:14:10.0000000,6449.22,6449.23,0,0.72161899
2018-11-08T04:14:10.0000000,6449.22,6449.23,2.06,0.72161899
2018-11-08T04:14:10.0000000,6449.22,6449.23,2.12,0.72161899
2018-11-08T04:14:10.0000000,6449.22,6449.23,2.56,0.72161899
2018-11-08T04:14:10.0000000,6449.22,6449.23,3.56,0.72161899
2018-11-08T04:14:10.0000000,6449.22,6449.23,3.56,0
2018-11-08T04:14:10.0000000,6449.22,6449.23,3.56,0.72161899
2018-11-08T04:14:10.0000000,6449.23,6449.24,3.56,0.72161899
2018-11-08T04:14:10.0000000,6449.23,6449.24,0.82241899,0.72161899
2018-11-08T04:14:10.0000000,6449.23,6449.24,2.82241899,0.72161899
2018-11-08T04:14:10.0000000,6449.23,6449.24,5.32241899,0.72161899
2018-11-08T04:14:10.0000000,6449.23,6449.24,6.32241899,0.72161899
2018-11-08T04:14:10.0000000,6449.23,6449.24,7.32241899,0.72161899
2018-11-08T04:14:10.0000000,6449.23,6449.24,9.32241899,0.72161899
2018-11-08T04:14:10.0000000,6449.23,6449.24,8.6008,0.72161899
2018-11-08T04:14:10.0000000,6449.23,6449.24,8.6008,1.001
2018-11-08T04:14:10.0000000,6449.23,6449.24,8.6008,1.288
2018-11-08T04:14:10.0000000,6449.23,6449.24,8.6008,1.001
2018-11-08T04:14:10.0000000,6449.23,6449.24,8.6008,1
2018-11-08T04:14:10.0000000,6449.23,6449.24,8.6008,1
2018-11-08T04:14:10.0000000,6449.23,6449.24,8.6008,0.27938101
2018-11-08T04:14:10.0000000,6449.23,6449.24,8.6008,0.27938101
2018-11-08T04:14:10.0000000,6449.23,6449.24,13.8728,0.27938101
2018-11-08T04:14:10.0000000,6449.23,6449.24,14.6728,0.27938101
2018-11-08T04:14:10.0000000,6449.23,6449.24,14.6728,0
2018-11-08T04:14:10.0000000,6449.23,6449.24,14.6728,0.72061899
2018-11-08T04:14:10.0000000,6449.24,6449.6,14.6728,0.72061899
2018-11-08T04:14:10.0000000,6449.24,6449.6,0,0.72061899
2018-11-08T04:14:10.0000000,6449.24,6449.6,6.575,0.72061899
2018-11-08T04:14:10.0000000,6449.24,6449.6,0,0.72061899
2018-11-08T04:14:10.0000000,6449.24,6449.6,0,0
2018-11-08T04:14:10.0000000,6449.59,6450,0,0
2018-11-08T04:14:10.0000000,6449.59,6450,16.14781776,0
2018-11-08T04:14:10.0000000,6449.59,6450,16.04701776,0
2018-11-08T04:14:10.0000000,6449.59,6450,15.24701776,0
2018-11-08T04:14:10.0000000,6449.59,6450,13.24701776,0
2018-11-08T04:14:10.0000000,6449.59,6450,12.24701776,0
2018-11-08T04:14:10.0000000,6449.59,6450,11.75086219,0
2018-11-08T04:14:10.0000000,6449.59,6450,9.75086219,0
2018-11-08T04:14:10.0000000,6449.59,6450,4.47886219,0
2018-11-08T04:14:10.0000000,6449.59,6450,4.47886219,1.062
2018-11-08T04:14:10.0000000,6449.59,6450,12.67886219,1.062
2018-11-08T04:14:10.0000000,6449.59,6450,12.61886219,1.062
2018-11-08T04:14:10.0000000,6449.59,6450,12.55886219,1.062
2018-11-08T04:14:11.0000000,6449.59,6450,12.55886219,1.05
2018-11-08T04:14:11.0000000,6449.59,6450,12.55886219,1
2018-11-08T04:14:11.0000000,6449.59,6450,12.55886219,0.36138101
2018-11-08T04:14:11.0000000,6449.99,6450,12.55886219,0.36138101
2018-11-08T04:14:11.0000000,6449.99,6450,12.5089248,0.36138101
2018-11-08T04:14:11.0000000,6449.99,6450,12.5689248,0.36138101
2018-11-08T04:14:11.0000000,6449.99,6450,12.5689248,0
2018-11-08T04:14:11.0000000,6449.99,6450.01,12.5689248,0
2018-11-08T04:14:11.0000000,6449.99,6450.01,12.4681248,0
2018-11-08T04:14:11.0000000,6449.99,6450.01,10.4681248,0
2018-11-08T04:14:11.0000000,6449.99,6450.01,9.4681248,0
2018-11-08T04:14:11.0000000,6449.99,6450.01,4.1961248,0
2018-11-08T04:14:11.0000000,6449.99,6450.01,4.1961248,5.2320715
2018-11-08T04:14:11.0000000,6450,6450.01,4.1961248,5.2320715
2018-11-08T04:14:11.0000000,6450,6450.01,4.1961248,5.08594121
2018-11-08T04:14:11.0000000,6450,6450.01,4.1961248,5.08594121
2018-11-08T04:14:11.0000000,6450,6450.01,18.90179999,5.08594121
2018-11-08T04:14:11.0000000,6450,6450.01,18.90179999,4.08594121
2018-11-08T04:14:11.0000000,6450,6450.01,18.90179999,4.08594121
2018-11-08T04:14:11.0000000,6450,6450.01,18.90179999,5.08594121
2018-11-08T04:14:11.0000000,6450,6450.01,19.39879999,5.08594121
2018-11-08T04:14:11.0000000,6450,6450.01,19.39661182,5.08594121
2018-11-08T04:14:11.0000000,6450,6450.01,19.39661182,5.08594121
2018-11-08T04:14:11.0000000,6450,6450.01,19.39661182,4.08594121
2018-11-08T04:14:11.0000000,6450,6450.01,19.39661182,4.08594121
2018-11-08T04:14:11.0000000,6450,6450.01,19.39661182,3.08594121
2018-11-08T04:14:11.0000000,6450,6450.01,19.39661182,3.08594121
2018-11-08T04:14:11.0000000,6450,6450.01,26.86661182,3.08594121
2018-11-08T04:14:11.0000000,6450,6450.01,26.86661182,2.08594121
2018-11-08T04:14:11.0000000,6450,6450.01,26.86661182,2.08594121
2018-11-08T04:14:11.0000000,6450,6450.01,26.36961182,2.08594121
2018-11-08T04:14:11.0000000,6450,6450.01,26.86661182,2.08594121
2018-11-08T04:14:12.0000000,6450,6450.01,27.36273585,2.08594121
2018-11-08T04:14:12.0000000,6450,6450.01,27.42273585,2.08594121
2018-11-08T04:14:12.0000000,6450,6450.01,27.48273585,2.08594121
2018-11-08T04:14:12.0000000,6450,6450.01,27.56273585,2.08594121
2018-11-08T04:14:13.0000000,6450,6450.01,27.50273585,2.08594121
2018-11-08T04:14:13.0000000,6450,6450.01,27.50273585,2.01250582
2018-11-08T04:14:13.0000000,6450,6450.01,27.50273585,2.01250582
2018-11-08T04:14:13.0000000,6450,6450.01,27.00661182,2.01250582
2018-11-08T04:14:13.0000000,6450,6450.01,27.50273585,2.01250582
2018-11-08T04:14:13.0000000,6450,6450.01,27.82503585,2.01250582
2018-11-08T04:14:13.0000000,6450,6450.01,27.88503585,2.01250582
2018-11-08T04:14:13.0000000,6450,6450.01,27.38891182,2.01250582
2018-11-08T04:14:13.0000000,6450,6450.01,29.38891182,2.01250582
2018-11-08T04:14:13.0000000,6450,6450.01,29.88503585,2.01250582
2018-11-08T04:14:13.0000000,6450,6450.01,29.38891182,2.01250582
2018-11-08T04:14:14.0000000,6450,6450.01,29.88503585,2.01250582
2018-11-08T04:14:14.0000000,6450,6450.01,29.56273585,2.01250582
2018-11-08T04:14:14.0000000,6450,6450.01,36.18573585,2.01250582
2018-11-08T04:14:14.0000000,6450,6450.01,36.50803585,2.01250582
2018-11-08T04:14:14.0000000,6450,6450.01,36.01191182,2.01250582
2018-11-08T04:14:14.0000000,6450,6450.01,36.50803585,2.01250582
2018-11-08T04:14:14.0000000,6450,6450.01,36.01191182,2.01250582
2018-11-08T04:14:14.0000000,6450,6450.01,36.50803585,2.01250582
2018-11-08T04:14:14.0000000,6450,6450.01,36.01191182,2.01250582
2018-11-08T04:14:14.0000000,6450,6450.01,35.68961182,2.01250582
2018-11-08T04:14:14.0000000,6450,6450.01,36.18573585,2.01250582
2018-11-08T04:14:14.0000000,6450,6450.01,36.18573585,2.01585622
2018-11-08T04:14:14.0000000,6450,6450.01,36.18573585,2.15285622
2018-11-08T04:14:14.0000000,6450,6450.01,35.68961182,2.15285622
2018-11-08T04:14:14.0000000,6450,6450.01,36.18573585,2.15285622
2018-11-08T04:14:15.0000000,6450,6450.01,36.12573585,2.15285622
2018-11-08T04:14:15.0000000,6450,6450.01,35.62961182,2.15285622
2018-11-08T04:14:15.0000000,6450,6450.01,35.56961182,2.15285622
2018-11-08T04:14:15.0000000,6450,6450.01,35.48961182,2.15285622
2018-11-08T04:14:15.0000000,6450,6450.01,35.98573585,2.15285622
2018-11-08T04:14:16.0000000,6450,6450.01,45.63598037,2.15285622
2018-11-08T04:14:16.0000000,6450,6450.01,43.73598037,2.15285622
2018-11-08T04:14:16.0000000,6450,6450.01,43.23985634,2.15285622
2018-11-08T04:14:16.0000000,6450,6450.01,43.73598037,2.15285622
2018-11-08T04:14:16.0000000,6450,6450.01,43.78598037,2.15285622
2018-11-08T04:14:16.0000000,6450,6450.01,43.73598037,2.15285622
2018-11-08T04:14:17.0000000,6450,6450.01,43.73598037,2.30285622
2018-11-08T04:14:18.0000000,6450,6450.01,43.23985634,2.30285622
2018-11-08T04:14:18.0000000,6450,6450.01,43.73598037,2.30285622
2018-11-08T04:14:19.0000000,6450,6450.01,37.11298037,2.30285622
2018-11-08T04:14:20.0000000,6450,6450.01,37.46431453,2.30285622
2018-11-08T04:14:21.0000000,6450,6450.01,37.46431453,2.33989622
2018-11-08T04:14:21.0000000,6450,6450.01,37.46431453,2.36767622
2018-11-08T04:14:26.0000000,6450,6450.01,37.46431453,2.33651579
2018-11-08T04:14:26.0000000,6450,6450.01,37.46431453,2.33651579
2018-11-08T04:14:30.0000000,6450,6450.01,37.46431453,2.32168146
2018-11-08T04:14:30.0000000,6450,6450.01,37.46431453,2.32168146
2018-11-08T04:14:31.0000000,6450,6450.01,37.46431453,2.31211535
2018-11-08T04:14:31.0000000,6450,6450.01,37.46431453,2.31211535
2018-11-08T04:14:36.0000000,6450,6450.01,37.4953229,2.31211535
2018-11-08T04:14:36.0000000,6450,6450.01,37.51082677,2.31211535
2018-11-08T04:14:38.0000000,6450,6450.01,37.4237542,2.31211535
2018-11-08T04:14:38.0000000,6450,6450.01,37.4237542,2.31211535
2018-11-08T04:14:39.0000000,6450,6450.01,37.4237542,1.43320307
2018-11-08T04:14:39.0000000,6450,6450.01,37.4237542,1.43320307
2018-11-08T04:14:39.0000000,6450,6450.01,36.92763017,1.43320307
2018-11-08T04:14:39.0000000,6450,6450.01,37.4237542,1.43320307
2018-11-08T04:14:39.0000000,6450,6450.01,37.5037542,1.43320307
2018-11-08T04:14:39.0000000,6450,6450.01,37.5837542,1.43320307
2018-11-08T04:14:39.0000000,6450,6450.01,37.6237542,1.43320307
2018-11-08T04:14:40.0000000,6450,6450.01,37.5837542,1.43320307
2018-11-08T04:14:40.0000000,6450,6450.01,37.5037542,1.43320307
2018-11-08T04:14:40.0000000,6450,6450.01,37.5837542,1.43320307
2018-11-08T04:14:41.0000000,6450,6450.01,37.6237542,1.43320307
2018-11-08T04:14:41.0000000,6450,6450.01,37.6200542,1.43320307
2018-11-08T04:14:41.0000000,6450,6450.01,37.6200542,1.43320307
2018-11-08T04:14:41.0000000,6450,6450.01,37.6172742,1.43320307
2018-11-08T04:14:41.0000000,6450,6450.01,37.6172742,1.43320307
2018-11-08T04:14:41.0000000,6450,6450.01,37.5772742,1.43320307
2018-11-08T04:14:42.0000000,6450,6450.01,37.5772742,1.3551704
2018-11-08T04:14:42.0000000,6450,6450.01,37.5772742,1.3551704
2018-11-08T04:14:42.0000000,6450,6450.01,37.5772742,1.32787561
2018-11-08T04:14:42.0000000,6450,6450.01,37.5772742,1.32787561
2018-11-08T04:14:42.0000000,6450,6450.01,37.6172742,1.32787561
2018-11-08T04:14:42.0000000,6450,6450.01,37.5772742,1.32787561
2018-11-08T04:14:42.0000000,6450,6450.01,37.4972742,1.32787561
2018-11-08T04:14:42.0000000,6450,6450.01,37.4172742,1.32787561
2018-11-08T04:14:45.0000000,6450,6450.01,37.4272742,1.32787561
2018-11-08T04:14:45.0000000,6450,6450.01,37.4872742,1.32787561
2018-11-08T04:14:45.0000000,6450,6450.01,37.5672742,1.32787561
2018-11-08T04:14:45.0000000,6450,6450.01,37.1272742,1.32787561
2018-11-08T04:14:45.0000000,6450,6450.01,37.1272742,1.39787561
2018-11-08T04:14:46.0000000,6450,6450.01,37.1772742,1.39787561
2018-11-08T04:14:47.0000000,6450,6450.01,37.1672742,1.39787561
2018-11-08T04:14:47.0000000,6450,6450.01,37.1172742,1.39787561
2018-11-08T04:14:47.0000000,6450,6450.01,37.0572742,1.39787561
2018-11-08T04:14:47.0000000,6450,6450.01,36.9772742,1.39787561
2018-11-08T04:14:48.0000000,6450,6450.01,42.6422742,1.39787561
2018-11-08T04:14:49.0000000,6450,6450.01,43.0822742,1.39787561
2018-11-08T04:14:49.0000000,6450,6450.01,43.0822742,1.32787561
2018-11-08T04:14:49.0000000,6450,6450.01,42.58615017,1.32787561
2018-11-08T04:14:49.0000000,6450,6450.01,42.58615017,1.26111957
2018-11-08T04:14:49.0000000,6450,6450.01,42.58615017,1.26111957
2018-11-08T04:14:49.0000000,6450,6450.01,40.58615017,1.26111957
2018-11-08T04:14:49.0000000,6450,6450.01,41.0822742,1.26111957
2018-11-08T04:14:50.0000000,6450,6450.01,35.4172742,1.26111957
2018-11-08T04:14:50.0000000,6450,6450.01,34.92115017,1.26111957
2018-11-08T04:14:50.0000000,6450,6450.01,35.4172742,1.26111957
2018-11-08T04:14:50.0000000,6450,6450.01,35.4872742,1.26111957
2018-11-08T04:14:50.0000000,6450,6450.01,35.5672742,1.26111957
2018-11-08T04:14:50.0000000,6450,6450.01,35.6172742,1.26111957
2018-11-08T04:14:50.0000000,6450,6450.01,35.12115017,1.26111957
2018-11-08T04:14:50.0000000,6450,6450.01,35.6172742,1.26111957
2018-11-08T04:14:51.0000000,6450,6450.01,35.12115017,1.26111957
2018-11-08T04:14:51.0000000,6450,6450.01,35.6172742,1.26111957
2018-11-08T04:14:51.0000000,6450,6450.01,35.12115017,1.26111957
2018-11-08T04:14:51.0000000,6450,6450.01,35.6172742,1.26111957
2018-11-08T04:14:51.0000000,6450,6450.01,35.12115017,1.26111957
2018-11-08T04:14:51.0000000,6450,6450.01,35.6172742,1.26111957
2018-11-08T04:14:52.0000000,6450,6450.01,35.5672742,1.26111957
2018-11-08T04:14:52.0000000,6450,6450.01,35.4972742,1.26111957
2018-11-08T04:14:52.0000000,6450,6450.01,35.5472742,1.26111957
2018-11-08T04:14:52.0000000,6450,6450.01,35.6072742,1.26111957
2018-11-08T04:14:52.0000000,6450,6450.01,35.5572742,1.26111957
2018-11-08T04:14:52.0000000,6450,6450.01,35.4972742,1.26111957
2018-11-08T04:14:52.0000000,6450,6450.01,35.4172742,1.26111957
2018-11-08T04:14:53.0000000,6450,6450.01,34.92115017,1.26111957
2018-11-08T04:14:53.0000000,6450,6450.01,35.4172742,1.26111957
2018-11-08T04:14:53.0000000,6450,6450.01,35.4972742,1.26111957
2018-11-08T04:14:53.0000000,6450,6450.01,35.5772742,1.26111957
2018-11-08T04:14:54.0000000,6450,6450.01,35.6172742,1.26111957
2018-11-08T04:14:54.0000000,6450,6450.01,35.5772742,1.26111957
2018-11-08T04:14:54.0000000,6450,6450.01,35.4972742,1.26111957
2018-11-08T04:14:54.0000000,6450,6450.01,35.4172742,1.26111957
2018-11-08T04:14:55.0000000,6450,6450.01,34.92115017,1.26111957
2018-11-08T04:14:55.0000000,6450,6450.01,35.4172742,1.26111957
2018-11-08T04:14:56.0000000,6450,6450.01,38.3732742,1.26111957
2018-11-08T04:14:56.0000000,6450,6450.01,37.87715017,1.26111957
2018-11-08T04:14:56.0000000,6450,6450.01,38.3732742,1.26111957
2018-11-08T04:14:57.0000000,6450,6450.01,37.87715017,1.26111957
2018-11-08T04:14:57.0000000,6450,6450.01,34.92115017,1.26111957
2018-11-08T04:14:57.0000000,6450,6450.01,35.4172742,1.26111957
2018-11-08T04:14:57.0000000,6450,6450.01,35.4972742,1.26111957
2018-11-08T04:14:57.0000000,6450,6450.01,35.4172742,1.26111957
2018-11-08T04:14:57.0000000,6450,6450.01,34.92115017,1.26111957
2018-11-08T04:14:57.0000000,6450,6450.01,37.87915017,1.26111957
2018-11-08T04:14:57.0000000,6450,6450.01,38.3752742,1.26111957
2018-11-08T04:14:57.0000000,6450,6450.01,37.87915017,1.26111957
2018-11-08T04:14:57.0000000,6450,6450.01,38.3752742,1.26111957
2018-11-08T04:14:58.0000000,6450,6450.01,35.4172742,1.26111957
2018-11-08T04:14:58.0000000,6450,6450.01,34.92115017,1.26111957
2018-11-08T04:14:58.0000000,6450,6450.01,35.4172742,1.26111957
2018-11-08T04:14:58.0000000,6450,6450.01,35.41329929,1.26111957
2018-11-08T04:14:58.0000000,6450,6450.01,35.41329929,1.26111957
2018-11-08T04:14:59.0000000,6450,6450.01,38.37029929,1.26111957
2018-11-08T04:14:59.0000000,6450,6450.01,35.41329929,1.26111957
2018-11-08T04:15:00.0000000,6450,6450.01,35.49329929,1.26111957
2018-11-08T04:15:00.0000000,6450,6450.01,35.57329929,1.26111957
2018-11-08T04:15:00.0000000,6450,6450.01,35.49329929,1.26111957
2018-11-08T04:15:00.0000000,6450,6450.01,35.41329929,1.26111957
2018-11-08T04:15:00.0000000,6450,6450.01,34.91717526,1.26111957
2018-11-08T04:15:00.0000000,6450,6450.01,35.41329929,1.26111957
2018-11-08T04:15:00.0000000,6450,6450.01,35.35354938,1.26111957
2018-11-08T04:15:00.0000000,6450,6450.01,35.35354938,1.26111957
2018-11-08T04:15:00.0000000,6450,6450.01,34.85742535,1.26111957
2018-11-08T04:15:00.0000000,6450,6450.01,35.35354938,1.26111957
2018-11-08T04:15:01.0000000,6450,6450.01,35.34984938,1.26111957
2018-11-08T04:15:01.0000000,6450,6450.01,35.34984938,1.26111957
2018-11-08T04:15:01.0000000,6450,6450.01,34.85372535,1.26111957
2018-11-08T04:15:01.0000000,6450,6450.01,35.34984938,1.26111957
2018-11-08T04:15:01.0000000,6450,6450.01,34.85372535,1.26111957
2018-11-08T04:15:01.0000000,6450,6450.01,34.85094535,1.26111957
2018-11-08T04:15:01.0000000,6450,6450.01,34.85094535,1.26111957
2018-11-08T04:15:02.0000000,6450,6450.01,35.34706938,1.26111957
2018-11-08T04:15:02.0000000,6450,6450.01,34.85094535,1.26111957
2018-11-08T04:15:02.0000000,6450,6450.01,35.34706938,1.26111957
2018-11-08T04:15:02.0000000,6450,6450.01,35.34806938,1.26111957
2018-11-08T04:15:02.0000000,6450,6450.01,34.85194535,1.26111957
2018-11-08T04:15:02.0000000,6450,6450.01,35.34806938,1.26111957
2018-11-08T04:15:03.0000000,6450,6450.01,34.85194535,1.26111957
2018-11-08T04:15:03.0000000,6450,6450.01,34.93194535,1.26111957
2018-11-08T04:15:04.0000000,6450,6450.01,35.01194535,1.26111957
2018-11-08T04:15:04.0000000,6450,6450.01,35.50806938,1.26111957
2018-11-08T04:15:04.0000000,6450,6450.01,35.42806938,1.26111957
2018-11-08T04:15:04.0000000,6450,6450.01,34.93194535,1.26111957
2018-11-08T04:15:04.0000000,6450,6450.01,35.42806938,1.26111957
2018-11-08T04:15:04.0000000,6450,6450.01,35.34806938,1.26111957
2018-11-08T04:15:04.0000000,6450,6450.01,34.85194535,1.26111957
2018-11-08T04:15:04.0000000,6450,6450.01,35.34806938,1.26111957
2018-11-08T04:15:05.0000000,6450,6450.01,34.85194535,1.26111957
2018-11-08T04:15:05.0000000,6450,6450.01,35.34806938,1.26111957
2018-11-08T04:15:06.0000000,6450,6450.01,34.85194535,1.26111957
2018-11-08T04:15:06.0000000,6450,6450.01,35.34806938,1.26111957
2018-11-08T04:15:06.0000000,6450,6450.01,34.85194535,1.26111957
2018-11-08T04:15:06.0000000,6450,6450.01,35.34806938,1.26111957
2018-11-08T04:15:07.0000000,6450,6450.01,34.85194535,1.26111957
2018-11-08T04:15:07.0000000,6450,6450.01,35.34806938,1.26111957
2018-11-08T04:15:07.0000000,6450,6450.01,34.85194535,1.26111957
2018-11-08T04:15:07.0000000,6450,6450.01,35.34806938,1.26111957
2018-11-08T04:15:07.0000000,6450,6450.01,35.34806938,1.25826408
2018-11-08T04:15:07.0000000,6450,6450.01,35.34806938,1.25826408
2018-11-08T04:15:07.0000000,6450,6450.01,35.42806938,1.25826408
2018-11-08T04:15:07.0000000,6450,6450.01,35.50806938,1.25826408
2018-11-08T04:15:07.0000000,6450,6450.01,35.42806938,1.25826408
2018-11-08T04:15:08.0000000,6450,6450.01,35.50806938,1.25826408
2018-11-08T04:15:08.0000000,6450,6450.01,35.42806938,1.25826408
2018-11-08T04:15:08.0000000,6450,6450.01,35.34806938,1.25826408
2018-11-08T04:15:08.0000000,6450,6450.01,34.85194535,1.25826408
2018-11-08T04:15:08.0000000,6450,6450.01,35.34806938,1.25826408
2018-11-08T04:15:09.0000000,6450,6450.01,35.42806938,1.25826408
2018-11-08T04:15:09.0000000,6450,6450.01,34.93194535,1.25826408
2018-11-08T04:15:09.0000000,6450,6450.01,35.42806938,1.25826408
2018-11-08T04:15:09.0000000,6450,6450.01,34.93194535,1.25826408
2018-11-08T04:15:09.0000000,6450,6450.01,35.42806938,1.25826408
2018-11-08T04:15:10.0000000,6450,6450.01,35.34806938,1.25826408
2018-11-08T04:15:11.0000000,6450,6450.01,35.42806938,1.25826408
2018-11-08T04:15:12.0000000,6450,6450.01,35.50806938,1.25826408
2018-11-08T04:15:13.0000000,6450,6450.01,35.54806938,1.25826408
2018-11-08T04:15:13.0000000,6450,6450.01,35.50806938,1.25826408
2018-11-08T04:15:13.0000000,6450,6450.01,35.54806938,1.25826408
2018-11-08T04:15:14.0000000,6450,6450.01,35.50806938,1.25826408
2018-11-08T04:15:14.0000000,6450,6450.01,35.42806938,1.25826408
2018-11-08T04:15:14.0000000,6450,6450.01,35.34806938,1.25826408
2018-11-08T04:15:16.0000000,6450,6450.01,35.34806938,0.49825292
2018-11-08T04:15:16.0000000,6450,6450.01,35.34806938,0.49825292
2018-11-08T04:15:16.0000000,6450,6450.01,34.85194535,0.49825292
2018-11-08T04:15:16.0000000,6450,6450.01,36.85194535,0.49825292
2018-11-08T04:15:16.0000000,6450,6450.01,37.34806938,0.49825292
2018-11-08T04:15:17.0000000,6450,6450.01,37.34806938,0.48559558
2018-11-08T04:15:17.0000000,6450,6450.01,37.34806938,0.48559558
2018-11-08T04:15:19.0000000,6450,6450.01,37.34806938,0.44138723
2018-11-08T04:15:19.0000000,6450,6450.01,37.34806938,0.44138723
2018-11-08T04:15:19.0000000,6450,6450.01,36.85194535,0.44138723
2018-11-08T04:15:19.0000000,6450,6450.01,37.34806938,0.44138723
2018-11-08T04:15:19.0000000,6450,6450.01,36.85194535,0.44138723
2018-11-08T04:15:20.0000000,6450,6450.01,36.85194535,0.43398086
2018-11-08T04:15:20.0000000,6450,6450.01,36.85194535,0.43398086
2018-11-08T04:15:20.0000000,6450,6450.01,37.34806938,0.43398086
2018-11-08T04:15:20.0000000,6450,6450.01,37.34806938,0.3551704
2018-11-08T04:15:20.0000000,6450,6450.01,37.34806938,0.35182
2018-11-08T04:15:20.0000000,6450,6450.01,37.34806938,0.21482
2018-11-08T04:15:20.0000000,6450,6450.01,37.34806938,0.06482
2018-11-08T04:15:20.0000000,6450,6450.01,37.34806938,0.02778
2018-11-08T04:15:20.0000000,6450,6450.01,37.34806938,0
2018-11-08T04:15:20.0000000,6450,6450.14,37.34806938,0
2018-11-08T04:15:20.0000000,6450,6450.14,37.34806938,0
2018-11-08T04:15:20.0000000,6450,6451.87,37.34806938,0
2018-11-08T04:15:20.0000000,6450,6451.87,37.34806938,3.8169734
2018-11-08T04:15:20.0000000,6450,6451.87,35.34806938,3.8169734
2018-11-08T04:15:20.0000000,6450,6451.87,35.24726938,3.8169734
2018-11-08T04:15:20.0000000,6450,6451.87,34.75114535,3.8169734
2018-11-08T04:15:20.0000000,6450,6451.87,34.75114535,3.8169734
2018-11-08T04:15:20.0000000,6450,6451.87,32.34709092,3.8169734
2018-11-08T04:15:20.0000000,6450,6451.87,31.34709092,3.8169734
2018-11-08T04:15:20.0000000,6450,6451.87,30.54709092,3.8169734
2018-11-08T04:15:20.0000000,6450,6451.87,30.10709092,3.8169734
2018-11-08T04:15:20.0000000,6450,6451.87,30.10709092,5.44034751
2018-11-08T04:15:20.0000000,6450,6451.87,23.53209092,5.44034751
2018-11-08T04:15:20.0000000,6450,6451.87,23.53209092,6.44034751
2018-11-08T04:15:20.0000000,6450,6451.87,23.53209092,5.44034751
2018-11-08T04:15:20.0000000,6450,6451.87,23.51609092,5.44034751
2018-11-08T04:15:20.0000000,6450,6451.87,16.04609092,5.44034751
2018-11-08T04:15:20.0000000,6450,6451.87,16.04609092,6.44034751
2018-11-08T04:15:20.0000000,6450,6451.87,16.05809092,6.44034751
2018-11-08T04:15:20.0000000,6450,6451.87,15.56109092,6.44034751
2018-11-08T04:15:20.0000000,6450,6451.87,15.56109092,2.62337411
2018-11-08T04:15:21.0000000,6450,6451.87,15.56109092,2.66041411
2018-11-08T04:15:21.0000000,6450,6451.87,15.56109092,2.87268392
2018-11-08T04:15:21.0000000,6450,6451.87,15.56109092,2.94268392
2018-11-08T04:15:21.0000000,6450,6451.87,15.56109092,2.97046392
2018-11-08T04:15:22.0000000,6450,6451.87,15.56109092,3.97046392
2018-11-08T04:15:22.0000000,6450,6451.87,15.56109092,2.97046392
2018-11-08T04:15:22.0000000,6451.86,6451.87,15.56109092,2.97046392
2018-11-08T04:15:22.0000000,6451.86,6451.87,15.56109092,3.97046392
2018-11-08T04:15:22.0000000,6451.86,6451.87,15.56109092,4.34708981
2018-11-08T04:15:22.0000000,6451.86,6451.87,15.56109092,3.34708981
2018-11-08T04:15:22.0000000,6451.86,6451.87,22.50667702,3.34708981
2018-11-08T04:15:22.0000000,6451.86,6451.87,22.50667702,4.34708981
2018-11-08T04:15:22.0000000,6451.86,6451.87,22.94667702,4.34708981
2018-11-08T04:15:22.0000000,6451.86,6451.87,22.94667702,3.34708981
2018-11-08T04:15:22.0000000,6451.86,6451.87,22.50667702,3.34708981
2018-11-08T04:15:22.0000000,6451.86,6451.87,22.50667702,4.34708981
2018-11-08T04:15:22.0000000,6451.86,6451.87,22.50667702,3.34708981
2018-11-08T04:15:22.0000000,6451.86,6451.87,22.50667702,4.34708981
2018-11-08T04:15:22.0000000,6451.86,6451.87,22.50667702,3.34708981
2018-11-08T04:15:22.0000000,6451.86,6451.87,22.94667702,3.34708981
2018-11-08T04:15:22.0000000,6451.86,6451.87,22.94667702,4.34708981
2018-11-08T04:15:22.0000000,6451.86,6451.87,22.94667702,3.34708981
2018-11-08T04:15:22.0000000,6451.86,6451.87,22.94667702,4.34708981
2018-11-08T04:15:22.0000000,6451.86,6451.87,22.50667702,4.34708981
2018-11-08T04:15:22.0000000,6451.86,6451.87,22.94667702,4.34708981
2018-11-08T04:15:22.0000000,6451.86,6451.87,22.50667702,4.34708981
2018-11-08T04:15:22.0000000,6451.86,6451.87,22.50667702,4.35111123
2018-11-08T04:15:22.0000000,6451.86,6451.87,22.50667702,4.28111123
2018-11-08T04:15:23.0000000,6451.86,6451.87,22.94667702,4.28111123
2018-11-08T04:15:23.0000000,6451.86,6451.87,22.94667702,3.28111123
2018-11-08T04:15:23.0000000,6451.86,6451.87,23.94667702,3.28111123
2018-11-08T04:15:24.0000000,6451.86,6451.87,23.94667702,3.24330044
2018-11-08T04:15:24.0000000,6451.86,6451.87,23.94667702,3.24330044
2018-11-08T04:15:24.0000000,6451.86,6451.87,22.94667702,3.24330044
2018-11-08T04:15:25.0000000,6451.86,6451.87,22.50667702,3.24330044
2018-11-08T04:15:25.0000000,6451.86,6451.87,22.50667702,4.24330044
2018-11-08T04:15:25.0000000,6451.86,6451.87,22.50667702,4.31330044
2018-11-08T04:15:25.0000000,6451.86,6451.87,22.50667702,3.31330044
2018-11-08T04:15:25.0000000,6451.86,6451.87,23.50667702,3.31330044
2018-11-08T04:15:25.0000000,6451.86,6451.87,22.50667702,3.31330044
2018-11-08T04:15:25.0000000,6451.86,6451.87,23.50667702,3.31330044
2018-11-08T04:15:26.0000000,6451.86,6451.87,23.50667702,3.24330044
2018-11-08T04:15:26.0000000,6451.86,6451.87,23.94667702,3.24330044
2018-11-08T04:15:26.0000000,6451.86,6451.87,23.50667702,3.24330044
2018-11-08T04:15:26.0000000,6451.86,6451.87,23.50667702,3.31330044
2018-11-08T04:15:26.0000000,6451.86,6451.87,23.50900193,3.31330044
2018-11-08T04:15:26.0000000,6451.86,6451.87,22.50900193,3.31330044
2018-11-08T04:15:26.0000000,6451.86,6451.87,23.50900193,3.31330044
2018-11-08T04:15:26.0000000,6451.86,6451.87,23.50667702,3.31330044
2018-11-08T04:15:26.0000000,6451.86,6451.87,23.50667702,2.31642591
2018-11-08T04:15:26.0000000,6451.86,6451.87,23.50667702,2.31642591
2018-11-08T04:15:26.0000000,6451.86,6451.87,23.50667702,1.72773712
2018-11-08T04:15:26.0000000,6451.86,6451.87,23.50667702,1.35111123
2018-11-08T04:15:26.0000000,6451.86,6451.87,23.50667702,1.28111123
2018-11-08T04:15:27.0000000,6451.86,6451.87,28.50667702,1.28111123
2018-11-08T04:15:27.0000000,6451.86,6451.87,38.15413948,1.28111123
2018-11-08T04:15:27.0000000,6451.86,6451.87,38.59413948,1.28111123
2018-11-08T04:15:27.0000000,6451.86,6451.87,38.59413948,1.27524753
2018-11-08T04:15:27.0000000,6451.86,6451.87,38.59413948,1.27524753
2018-11-08T04:15:27.0000000,6451.86,6451.87,38.15413948,1.27524753
2018-11-08T04:15:28.0000000,6451.86,6451.87,38.59413948,1.27524753
2018-11-08T04:15:28.0000000,6451.86,6451.87,38.59413948,1.42524753
2018-11-08T04:15:28.0000000,6451.86,6451.87,38.59413948,1.88524753
2018-11-08T04:15:28.0000000,6451.86,6451.87,38.59413948,1.95524753
2018-11-08T04:15:28.0000000,6451.86,6451.87,38.15413948,1.95524753
2018-11-08T04:15:30.0000000,6451.86,6451.87,38.18730821,1.95524753
2018-11-08T04:15:31.0000000,6451.86,6451.87,38.18730821,1.88524753
2018-11-08T04:15:31.0000000,6451.86,6451.87,38.62730821,1.88524753
2018-11-08T04:15:31.0000000,6451.86,6451.87,38.60760821,1.88524753
2018-11-08T04:15:31.0000000,6451.86,6451.87,38.60760821,1.88524753
2018-11-08T04:15:31.0000000,6451.86,6451.87,38.16730821,1.88524753
2018-11-08T04:15:31.0000000,6451.86,6451.87,38.16730821,1.88524753
2018-11-08T04:15:31.0000000,6451.86,6451.87,38.16730821,1.42524753
2018-11-08T04:15:32.0000000,6451.86,6451.87,38.16730821,1.27524753
2018-11-08T04:15:33.0000000,6451.86,6451.87,38.24730821,1.27524753
2018-11-08T04:15:33.0000000,6451.86,6451.87,38.16730821,1.27524753
2018-11-08T04:15:33.0000000,6451.86,6451.87,38.16963312,1.27524753
2018-11-08T04:15:34.0000000,6451.86,6451.87,38.16730821,1.27524753
2018-11-08T04:15:34.0000000,6451.86,6451.87,38.16963312,1.27524753
2018-11-08T04:15:34.0000000,6451.86,6451.87,38.16730821,1.27524753
2018-11-08T04:15:34.0000000,6451.86,6451.87,38.16963312,1.27524753
2018-11-08T04:15:34.0000000,6451.86,6451.87,38.16730821,1.27524753
2018-11-08T04:15:35.0000000,6451.86,6451.87,38.16730821,1.27239287
2018-11-08T04:15:35.0000000,6451.86,6451.87,38.16730821,1.27239287
2018-11-08T04:15:35.0000000,6451.86,6451.87,38.16730821,1.25014779
2018-11-08T04:15:35.0000000,6451.86,6451.87,38.16730821,1.25014779
2018-11-08T04:15:35.0000000,6451.86,6451.87,40.16730821,1.25014779
2018-11-08T04:15:36.0000000,6451.86,6451.87,40.16730821,1.71014779
2018-11-08T04:15:36.0000000,6451.86,6451.87,40.16730821,1.86014779
2018-11-08T04:15:37.0000000,6451.86,6451.87,40.16963312,1.86014779
2018-11-08T04:15:37.0000000,6451.86,6451.87,40.16730821,1.86014779
2018-11-08T04:15:37.0000000,6451.86,6451.87,40.16730821,1.84981333
2018-11-08T04:15:37.0000000,6451.86,6451.87,40.16730821,1.84981333
2018-11-08T04:15:38.0000000,6451.86,6451.87,40.16730821,1.84657311
2018-11-08T04:15:38.0000000,6451.86,6451.87,40.16730821,1.84657311
2018-11-08T04:15:38.0000000,6451.86,6451.87,41.16730821,1.84657311
2018-11-08T04:15:39.0000000,6451.86,6451.87,41.51854108,1.84657311
2018-11-08T04:15:39.0000000,6451.86,6451.87,41.45849529,1.84657311
2018-11-08T04:15:39.0000000,6451.86,6451.87,41.45849529,1.84657311
2018-11-08T04:15:41.0000000,6451.86,6451.87,41.45479529,1.84657311
2018-11-08T04:15:41.0000000,6451.86,6451.87,41.45479529,1.84657311
2018-11-08T04:15:41.0000000,6451.86,6451.87,40.99579529,1.84657311
2018-11-08T04:15:41.0000000,6451.86,6451.87,40.99579529,1.84657311
2018-11-08T04:15:41.0000000,6451.86,6451.87,38.99579529,1.84657311
2018-11-08T04:15:41.0000000,6451.86,6451.87,38.99301529,1.84657311
2018-11-08T04:15:41.0000000,6451.86,6451.87,38.99301529,1.84657311
2018-11-08T04:15:42.0000000,6451.86,6451.87,38.99301529,1.38657311
2018-11-08T04:15:42.0000000,6451.86,6451.87,38.99301529,1.23657311
2018-11-08T04:15:44.0000000,6451.86,6451.87,38.99301529,1.23549355
2018-11-08T04:15:44.0000000,6451.86,6451.87,38.99301529,1.23549355
2018-11-08T04:15:45.0000000,6451.86,6451.87,38.9953402,1.23549355
2018-11-08T04:15:45.0000000,6451.86,6451.87,38.99301529,1.23549355
2018-11-08T04:15:45.0000000,6451.86,6451.87,38.9953402,1.23549355
2018-11-08T04:15:45.0000000,6451.86,6451.87,38.99301529,1.23549355
2018-11-08T04:15:45.0000000,6451.86,6451.87,39.07301529,1.23549355
2018-11-08T04:15:45.0000000,6451.86,6451.87,39.15301529,1.23549355
2018-11-08T04:15:46.0000000,6451.86,6451.87,39.19301529,1.23549355
2018-11-08T04:15:46.0000000,6451.86,6451.87,39.15301529,1.23549355
2018-11-08T04:15:46.0000000,6451.86,6451.87,39.07301529,1.23549355
2018-11-08T04:15:46.0000000,6451.86,6451.87,38.99301529,1.23549355
2018-11-08T04:15:47.0000000,6451.86,6451.87,38.9953402,1.23549355
2018-11-08T04:15:47.0000000,6451.86,6451.87,38.99301529,1.23549355
2018-11-08T04:15:47.0000000,6451.86,6451.87,38.99301529,1.69549355
2018-11-08T04:15:47.0000000,6451.86,6451.87,38.99301529,1.84549355
2018-11-08T04:15:49.0000000,6451.86,6451.87,38.99301529,1.82050793
2018-11-08T04:15:49.0000000,6451.86,6451.87,38.99301529,1.82050793
2018-11-08T04:15:49.0000000,6451.86,6451.87,39.11000418,1.82050793
2018-11-08T04:15:50.0000000,6451.86,6451.87,39.03500418,1.82050793
2018-11-08T04:15:50.0000000,6451.86,6451.87,39.03500418,1.82050793
2018-11-08T04:15:50.0000000,6451.86,6451.87,39.03732909,1.82050793
2018-11-08T04:15:50.0000000,6451.86,6451.87,39.03732909,1.36050793
2018-11-08T04:15:51.0000000,6451.86,6451.87,39.03500418,1.36050793
2018-11-08T04:15:52.0000000,6451.86,6451.87,39.03600418,1.36050793
2018-11-08T04:15:54.0000000,6451.86,6451.87,38.59600418,1.36050793
2018-11-08T04:15:54.0000000,6451.86,6451.87,38.59600418,1.43050793
2018-11-08T04:15:55.0000000,6451.86,6451.87,38.59600418,1.89050793
2018-11-08T04:15:55.0000000,6451.86,6451.87,38.59600418,1.88298143
2018-11-08T04:15:55.0000000,6451.86,6451.87,38.59600418,1.88298143
2018-11-08T04:15:55.0000000,6451.86,6451.87,38.59832909,1.88298143
2018-11-08T04:15:55.0000000,6451.86,6451.87,39.03832909,1.88298143
2018-11-08T04:15:55.0000000,6451.86,6451.87,38.59832909,1.88298143
2018-11-08T04:15:55.0000000,6451.86,6451.87,38.59600418,1.88298143
2018-11-08T04:15:56.0000000,6451.86,6451.87,38.59832909,1.88298143
2018-11-08T04:15:56.0000000,6451.86,6451.87,38.59600418,1.88298143
2018-11-08T04:15:57.0000000,6451.86,6451.87,38.59600418,1.42298143
2018-11-08T04:15:57.0000000,6451.86,6451.87,39.03600418,1.42298143
2018-11-08T04:15:57.0000000,6451.86,6451.87,39.03600418,1.35298143
2018-11-08T04:15:57.0000000,6451.86,6451.87,38.73600418,1.35298143
2018-11-08T04:15:57.0000000,6451.86,6451.87,38.73600418,1.35298143
2018-11-08T04:15:57.0000000,6451.86,6451.87,38.73600418,1.42298143
2018-11-08T04:15:57.0000000,6451.86,6451.87,38.73600418,1.35298143
2018-11-08T04:15:58.0000000,6451.86,6451.87,38.29600418,1.35298143
2018-11-08T04:15:58.0000000,6451.86,6451.87,38.29600418,1.42298143
2018-11-08T04:15:58.0000000,6451.86,6451.87,38.73600418,1.42298143
2018-11-08T04:15:59.0000000,6451.86,6451.87,38.29600418,1.42298143
2018-11-08T04:15:59.0000000,6451.86,6451.87,38.29600418,1.35298143
2018-11-08T04:15:59.0000000,6451.86,6451.87,38.73600418,1.35298143
2018-11-08T04:15:59.0000000,6451.86,6451.87,39.0966433,1.35298143
2018-11-08T04:16:00.0000000,6451.86,6451.87,39.0966433,1.34496031
2018-11-08T04:16:00.0000000,6451.86,6451.87,39.0966433,1.34496031
2018-11-08T04:16:00.0000000,6451.86,6451.87,38.6566433,1.34496031
2018-11-08T04:16:00.0000000,6451.86,6451.87,38.6566433,1.41496031
2018-11-08T04:16:00.0000000,6451.86,6451.87,38.6566433,1.34496031
2018-11-08T04:16:00.0000000,6451.86,6451.87,39.0966433,1.34496031
2018-11-08T04:16:01.0000000,6451.86,6451.87,39.0966433,1.69196031
2018-11-08T04:16:01.0000000,6451.86,6451.87,38.9943628,1.69196031
2018-11-08T04:16:01.0000000,6451.86,6451.87,38.9943628,1.69196031
2018-11-08T04:16:01.0000000,6451.86,6451.87,38.9906628,1.69196031
2018-11-08T04:16:01.0000000,6451.86,6451.87,38.9906628,1.69196031
2018-11-08T04:16:02.0000000,6451.86,6451.87,38.9878828,1.69196031
2018-11-08T04:16:02.0000000,6451.86,6451.87,38.9878828,1.69196031
2018-11-08T04:16:02.0000000,6451.86,6451.87,38.5478828,1.69196031
2018-11-08T04:16:02.0000000,6451.86,6451.87,38.5478828,1.34496031
2018-11-08T04:16:02.0000000,6451.86,6451.87,38.5478828,1.41496031
2018-11-08T04:16:02.0000000,6451.86,6451.87,37.5478828,1.41496031
2018-11-08T04:16:02.0000000,6451.86,6451.87,37.5478828,2.41496031
2018-11-08T04:16:02.0000000,6451.86,6451.87,37.5478828,1.41496031
2018-11-08T04:16:02.0000000,6451.86,6451.87,38.5478828,1.41496031
2018-11-08T04:16:03.0000000,6451.86,6451.87,38.5478828,1.40740185
2018-11-08T04:16:03.0000000,6451.86,6451.87,38.5478828,1.40740185
2018-11-08T04:16:03.0000000,6451.86,6451.87,38.5478828,1.20689228
2018-11-08T04:16:03.0000000,6451.86,6451.87,38.5478828,1.20689228
2018-11-08T04:16:03.0000000,6451.86,6451.87,39.03777516,1.20689228
2018-11-08T04:16:05.0000000,6451.86,6451.87,38.99014098,1.20689228
2018-11-08T04:16:05.0000000,6451.86,6451.87,38.99014098,1.20689228
2018-11-08T04:16:06.0000000,6451.86,6451.87,38.99014098,1.57189228
2018-11-08T04:16:07.0000000,6451.86,6451.87,38.99246589,1.57189228
2018-11-08T04:16:07.0000000,6451.86,6451.87,38.99014098,1.57189228
2018-11-08T04:16:08.0000000,6451.86,6451.87,38.99014098,1.50189228
2018-11-08T04:16:08.0000000,6451.86,6451.87,39.43014098,1.50189228
2018-11-08T04:16:09.0000000,6451.86,6451.87,39.4453904,1.50189228
2018-11-08T04:16:09.0000000,6451.86,6451.87,39.76405711,1.50189228
2018-11-08T04:16:10.0000000,6451.86,6451.87,39.76405711,1.74560947
2018-11-08T04:16:11.0000000,6451.86,6451.87,39.76405711,1.73681723
2018-11-08T04:16:11.0000000,6451.86,6451.87,39.76405711,1.73681723
2018-11-08T04:16:11.0000000,6451.86,6451.87,39.76405711,1.80681723
2018-11-08T04:16:11.0000000,6451.86,6451.87,39.32405711,1.80681723
2018-11-08T04:16:11.0000000,6451.86,6451.87,39.32638202,1.80681723
2018-11-08T04:16:11.0000000,6451.86,6451.87,39.32405711,1.80681723
2018-11-08T04:16:11.0000000,6451.86,6451.87,39.32638202,1.80681723
2018-11-08T04:16:12.0000000,6451.86,6451.87,39.32405711,1.80681723
2018-11-08T04:16:14.0000000,6451.86,6451.87,39.76405711,1.80681723
2018-11-08T04:16:14.0000000,6451.86,6451.87,39.39805711,1.80681723
2018-11-08T04:16:14.0000000,6451.86,6451.87,39.39805711,1.80681723
2018-11-08T04:16:14.0000000,6451.86,6451.87,39.39805711,1.44181723
2018-11-08T04:16:14.0000000,6451.86,6451.87,38.95805711,1.44181723
2018-11-08T04:16:16.0000000,6451.86,6451.87,38.95805711,1.37181723
2018-11-08T04:16:16.0000000,6451.86,6451.87,38.95805711,1.44181723
2018-11-08T04:16:16.0000000,6451.86,6451.87,38.95805711,1.37181723
2018-11-08T04:16:16.0000000,6451.86,6451.87,38.95805711,1.44181723
2018-11-08T04:16:16.0000000,6451.86,6451.87,38.96038202,1.44181723
2018-11-08T04:16:16.0000000,6451.86,6451.87,38.95805711,1.44181723
2018-11-08T04:16:16.0000000,6451.86,6451.87,38.95805711,1.37181723
2018-11-08T04:16:16.0000000,6451.86,6451.87,39.39805711,1.37181723
2018-11-08T04:16:17.0000000,6451.86,6451.87,39.39805711,1.44181723
2018-11-08T04:16:17.0000000,6451.86,6451.87,39.39805711,1.37181723
2018-11-08T04:16:17.0000000,6451.86,6451.87,39.39805711,1.44181723
2018-11-08T04:16:17.0000000,6451.86,6451.87,39.39805711,1.37181723
2018-11-08T04:16:17.0000000,6451.86,6451.87,38.39805711,1.37181723
2018-11-08T04:16:17.0000000,6451.86,6451.87,38.39805711,2.37181723
2018-11-08T04:16:17.0000000,6451.86,6451.87,38.39805711,1.37181723
2018-11-08T04:16:17.0000000,6451.86,6451.87,38.39805711,2.37181723
2018-11-08T04:16:17.0000000,6451.86,6451.87,38.39805711,1.37181723
2018-11-08T04:16:17.0000000,6451.86,6451.87,38.39805711,2.37181723
2018-11-08T04:16:17.0000000,6451.86,6451.87,39.39805711,2.37181723
2018-11-08T04:16:17.0000000,6451.86,6451.87,39.39805711,1.37181723
2018-11-08T04:16:17.0000000,6451.86,6451.87,38.39805711,1.37181723
2018-11-08T04:16:17.0000000,6451.86,6451.87,39.39805711,1.37181723
2018-11-08T04:16:17.0000000,6451.86,6451.87,39.39805711,1.44181723
2018-11-08T04:16:17.0000000,6451.86,6451.87,38.95805711,1.44181723
2018-11-08T04:16:18.0000000,6451.86,6451.87,38.95805711,1.90181723
2018-11-08T04:16:18.0000000,6451.86,6451.87,38.95805711,1.83181723
2018-11-08T04:16:18.0000000,6451.86,6451.87,39.39805711,1.83181723
2018-11-08T04:16:19.0000000,6451.86,6451.87,39.39805711,1.82518411
2018-11-08T04:16:19.0000000,6451.86,6451.87,39.39805711,1.82518411
2018-11-08T04:16:20.0000000,6451.86,6451.87,39.39805711,1.82155833
2018-11-08T04:16:20.0000000,6451.86,6451.87,39.39805711,1.82155833
2018-11-08T04:16:20.0000000,6451.86,6451.87,38.95805711,1.82155833
2018-11-08T04:16:20.0000000,6451.86,6451.87,38.95805711,1.89155833
2018-11-08T04:16:21.0000000,6451.86,6451.87,39.39805711,1.89155833
2018-11-08T04:16:21.0000000,6451.86,6451.87,39.39805711,1.82155833
2018-11-08T04:16:21.0000000,6451.86,6451.87,39.39805711,1.89155833
2018-11-08T04:16:21.0000000,6451.86,6451.87,38.95805711,1.89155833
2018-11-08T04:16:21.0000000,6451.86,6451.87,39.39805711,1.89155833
2018-11-08T04:16:21.0000000,6451.86,6451.87,39.39805711,1.82155833
2018-11-08T04:16:21.0000000,6451.86,6451.87,39.29072956,1.82155833
2018-11-08T04:16:21.0000000,6451.86,6451.87,39.29072956,1.82155833
2018-11-08T04:16:21.0000000,6451.86,6451.87,39.28702956,1.82155833
2018-11-08T04:16:21.0000000,6451.86,6451.87,39.28702956,1.82155833
2018-11-08T04:16:21.0000000,6451.86,6451.87,39.28702956,1.89155833
2018-11-08T04:16:21.0000000,6451.86,6451.87,38.84702956,1.89155833
2018-11-08T04:16:21.0000000,6451.86,6451.87,38.84702956,1.82155833
2018-11-08T04:16:22.0000000,6451.86,6451.87,38.84424956,1.82155833
2018-11-08T04:16:22.0000000,6451.86,6451.87,38.84424956,1.82155833
2018-11-08T04:16:22.0000000,6451.86,6451.87,39.28424956,1.82155833
2018-11-08T04:16:24.0000000,6451.86,6451.87,39.28424956,1.36155833
2018-11-08T04:16:25.0000000,6451.86,6451.87,39.28424956,1.36016878
2018-11-08T04:16:25.0000000,6451.86,6451.87,39.28424956,1.36016878
2018-11-08T04:16:26.0000000,6451.86,6451.87,39.28424956,1.35731412
2018-11-08T04:16:26.0000000,6451.86,6451.87,39.28424956,1.35731412
2018-11-08T04:16:27.0000000,6451.86,6451.87,38.84424956,1.35731412
2018-11-08T04:16:27.0000000,6451.86,6451.87,39.28424956,1.35731412
2018-11-08T04:16:27.0000000,6451.86,6451.87,39.28657447,1.35731412
2018-11-08T04:16:27.0000000,6451.86,6451.87,39.28424956,1.35731412
2018-11-08T04:16:28.0000000,6451.86,6451.87,38.84424956,1.35731412
2018-11-08T04:16:28.0000000,6451.86,6451.87,38.84424956,1.42731412
2018-11-08T04:16:28.0000000,6451.86,6451.87,38.84424956,1.88731412
2018-11-08T04:16:29.0000000,6451.86,6451.87,38.84657447,1.88731412
2018-11-08T04:16:29.0000000,6451.86,6451.87,38.84424956,1.88731412
2018-11-08T04:16:29.0000000,6451.86,6451.87,38.84424956,1.85251531
2018-11-08T04:16:29.0000000,6451.86,6451.87,38.84424956,1.85251531
2018-11-08T04:16:29.0000000,6451.86,6451.87,38.84657447,1.85251531
2018-11-08T04:16:29.0000000,6451.86,6451.87,38.84424956,1.85251531
2018-11-08T04:16:29.0000000,6451.86,6451.87,38.84657447,1.85251531
2018-11-08T04:16:29.0000000,6451.86,6451.87,38.84424956,1.85251531
2018-11-08T04:16:30.0000000,6451.86,6451.87,38.84657447,1.85251531
2018-11-08T04:16:30.0000000,6451.86,6451.87,38.84424956,1.85251531
2018-11-08T04:16:30.0000000,6451.86,6451.87,38.84657447,1.85251531
2018-11-08T04:16:30.0000000,6451.86,6451.87,38.84424956,1.85251531
2018-11-08T04:16:32.0000000,6451.86,6451.87,38.84424956,1.78251531
2018-11-08T04:16:32.0000000,6451.86,6451.87,39.28424956,1.78251531
2018-11-08T04:16:34.0000000,6451.86,6451.87,39.09578956,1.78251531
2018-11-08T04:16:34.0000000,6451.86,6451.87,39.09578956,1.78251531
2018-11-08T04:16:35.0000000,6451.86,6451.87,39.09811447,1.78251531
2018-11-08T04:16:35.0000000,6451.86,6451.87,39.09578956,1.78251531
2018-11-08T04:16:37.0000000,6451.86,6451.87,38.65578956,1.78251531
2018-11-08T04:16:38.0000000,6451.86,6451.87,39.09578956,1.78251531
2018-11-08T04:16:38.0000000,6451.86,6451.87,39.09811447,1.78251531
2018-11-08T04:16:38.0000000,6451.86,6451.87,39.09578956,1.78251531
2018-11-08T04:16:38.0000000,6451.86,6451.87,39.09578956,1.76768525
2018-11-08T04:16:38.0000000,6451.86,6451.87,39.09578956,1.76768525
2018-11-08T04:16:38.0000000,6451.86,6451.87,39.75117044,1.76768525
2018-11-08T04:16:39.0000000,6451.86,6451.87,39.31117044,1.76768525
2018-11-08T04:16:39.0000000,6451.86,6451.87,39.31117044,1.83768525
2018-11-08T04:16:39.0000000,6451.86,6451.87,39.31117044,1.8227241
2018-11-08T04:16:39.0000000,6451.86,6451.87,39.31117044,1.8227241
2018-11-08T04:16:39.0000000,6451.86,6451.87,39.53608332,1.8227241
2018-11-08T04:16:40.0000000,6451.86,6451.87,39.53608332,1.81493431
2018-11-08T04:16:40.0000000,6451.86,6451.87,39.53608332,1.81493431
2018-11-08T04:16:40.0000000,6451.86,6451.87,39.53608332,1.74493431
2018-11-08T04:16:40.0000000,6451.86,6451.87,39.97608332,1.74493431
2018-11-08T04:16:40.0000000,6451.86,6451.87,39.97608332,1.81493431
2018-11-08T04:16:40.0000000,6451.86,6451.87,39.97608332,1.74493431
2018-11-08T04:16:40.0000000,6451.86,6451.87,39.97608332,1.74354476
2018-11-08T04:16:40.0000000,6451.86,6451.87,39.97608332,1.74354476
2018-11-08T04:16:40.0000000,6451.86,6451.87,39.97608332,1.28354476
2018-11-08T04:16:41.0000000,6451.86,6451.87,39.53608332,1.28354476
2018-11-08T04:16:41.0000000,6451.86,6451.87,39.53608332,1.35354476
2018-11-08T04:16:41.0000000,6451.86,6451.87,39.53238332,1.35354476
2018-11-08T04:16:41.0000000,6451.86,6451.87,39.53238332,1.35354476
2018-11-08T04:16:42.0000000,6451.86,6451.87,39.52960332,1.35354476
2018-11-08T04:16:42.0000000,6451.86,6451.87,39.52960332,1.35354476
2018-11-08T04:16:42.0000000,6451.86,6451.87,39.52960332,1.28354476
2018-11-08T04:16:42.0000000,6451.86,6451.87,39.96960332,1.28354476
2018-11-08T04:16:44.0000000,6451.86,6451.87,39.52960332,1.28354476
2018-11-08T04:16:44.0000000,6451.86,6451.87,39.96960332,1.28354476
2018-11-08T04:16:45.0000000,6451.86,6451.87,39.94017843,1.28354476
2018-11-08T04:16:45.0000000,6451.86,6451.87,39.94017843,1.28354476
2018-11-08T04:16:45.0000000,6451.86,6451.87,40.45300342,1.28354476
2018-11-08T04:16:45.0000000,6451.86,6451.87,40.45300342,1.72354476
2018-11-08T04:16:45.0000000,6451.86,6451.87,40.45300342,1.68574797
2018-11-08T04:16:45.0000000,6451.86,6451.87,40.45300342,1.68574797
2018-11-08T04:16:48.0000000,6451.86,6451.87,40.45532833,1.68574797
2018-11-08T04:16:48.0000000,6451.86,6451.87,40.45300342,1.68574797
2018-11-08T04:16:48.0000000,6451.86,6451.87,40.01300342,1.68574797
2018-11-08T04:16:48.0000000,6451.86,6451.87,40.01300342,1.75574797
2018-11-08T04:16:49.0000000,6451.86,6451.87,40.01532833,1.75574797
2018-11-08T04:16:49.0000000,6451.86,6451.87,40.01300342,1.75574797
2018-11-08T04:16:49.0000000,6451.86,6451.87,40.01300342,1.6021036
2018-11-08T04:16:49.0000000,6451.86,6451.87,40.01300342,1.6021036
2018-11-08T04:16:50.0000000,6451.86,6451.87,40.01300342,1.59469937
2018-11-08T04:16:50.0000000,6451.86,6451.87,40.01300342,1.59469937
2018-11-08T04:16:51.0000000,6451.86,6451.87,40.01300342,1.42509118
2018-11-08T04:16:51.0000000,6451.86,6451.87,40.01300342,1.42509118
2018-11-08T04:16:51.0000000,6451.86,6451.87,40.01300342,1.42189118
2018-11-08T04:16:51.0000000,6451.86,6451.87,40.01300342,1.42189118
2018-11-08T04:16:52.0000000,6451.86,6451.87,40.01300342,1.35189118
2018-11-08T04:16:52.0000000,6451.86,6451.87,40.45300342,1.35189118
2018-11-08T04:16:54.0000000,6451.86,6451.87,39.45300342,1.35189118
2018-11-08T04:16:54.0000000,6451.86,6451.87,39.45300342,2.35189118
2018-11-08T04:16:54.0000000,6451.86,6451.87,39.45300342,2.42189118
2018-11-08T04:16:54.0000000,6451.86,6451.87,39.45300342,1.42189118
2018-11-08T04:16:54.0000000,6451.86,6451.87,39.45300342,1.35189118
2018-11-08T04:16:54.0000000,6451.86,6451.87,40.45300342,1.35189118
2018-11-08T04:16:54.0000000,6451.86,6451.87,40.45532833,1.35189118
2018-11-08T04:16:54.0000000,6451.86,6451.87,40.45300342,1.35189118
2018-11-08T04:16:59.0000000,6451.86,6451.87,40.45532833,1.35189118
2018-11-08T04:16:59.0000000,6451.86,6451.87,40.45300342,1.35189118
2018-11-08T04:17:00.0000000,6451.86,6451.87,40.45300342,1.34416467
2018-11-08T04:17:00.0000000,6451.86,6451.87,40.45300342,1.34416467
2018-11-08T04:17:01.0000000,6451.86,6451.87,40.45300342,1.28098734
2018-11-08T04:17:01.0000000,6451.86,6451.87,40.45300342,1.28098734
2018-11-08T04:17:01.0000000,6451.86,6451.87,40.44930342,1.28098734
2018-11-08T04:17:01.0000000,6451.86,6451.87,40.44930342,1.28098734
2018-11-08T04:17:01.0000000,6451.86,6451.87,40.44652342,1.28098734
2018-11-08T04:17:01.0000000,6451.86,6451.87,40.44652342,1.28098734
2018-11-08T04:17:02.0000000,6451.86,6451.87,40.00652342,1.28098734
2018-11-08T04:17:03.0000000,6451.86,6451.87,40.00652342,1.35098734
2018-11-08T04:17:03.0000000,6451.86,6451.87,40.00652342,1.28098734
2018-11-08T04:17:03.0000000,6451.86,6451.87,40.44652342,1.28098734
2018-11-08T04:17:04.0000000,6451.86,6451.87,40.00652342,1.28098734
2018-11-08T04:17:04.0000000,6451.86,6451.87,40.44652342,1.28098734
2018-11-08T04:17:06.0000000,6451.86,6451.87,40.46202282,1.28098734
2018-11-08T04:17:07.0000000,6451.86,6451.87,40.4467734,1.28098734
2018-11-08T04:17:07.0000000,6451.86,6451.87,40.4492734,1.28098734
2018-11-08T04:17:08.0000000,6451.86,6451.87,40.4192734,1.28098734
2018-11-08T04:17:08.0000000,6451.86,6451.87,40.4192734,1.28098734
2018-11-08T04:17:11.0000000,6451.86,6451.87,40.4192734,1.26578466
2018-11-08T04:17:11.0000000,6451.86,6451.87,40.4192734,1.26578466
2018-11-08T04:17:14.0000000,6451.86,6451.87,40.4192734,1.21684363
2018-11-08T04:17:14.0000000,6451.86,6451.87,40.4192734,1.21684363
2018-11-08T04:17:14.0000000,6451.86,6451.87,40.41226635,1.21684363
2018-11-08T04:17:14.0000000,6451.86,6451.87,40.41226635,1.21684363
2018-11-08T04:17:14.0000000,6451.86,6451.87,40.19652084,1.21684363
2018-11-08T04:17:14.0000000,6451.86,6451.87,40.19652084,1.21684363
2018-11-08T04:17:15.0000000,6451.86,6451.87,40.17652084,1.21684363
2018-11-08T04:17:15.0000000,6451.86,6451.87,40.17652084,1.21684363
2018-11-08T04:17:15.0000000,6451.86,6451.87,40.17652084,1.11482842
2018-11-08T04:17:15.0000000,6451.86,6451.87,40.17652084,1.11482842
2018-11-08T04:17:15.0000000,6451.86,6451.87,40.17652084,1.07778842
2018-11-08T04:17:15.0000000,6451.86,6451.87,40.17652084,0.91292619
2018-11-08T04:17:15.0000000,6451.86,6451.87,40.17652084,0.91292619
2018-11-08T04:17:15.0000000,6451.86,6451.87,40.17652084,0.669209
2018-11-08T04:17:15.0000000,6451.86,6451.87,40.17652084,0.74806396
2018-11-08T04:17:15.0000000,6451.86,6451.87,40.17652084,1.74806396
2018-11-08T04:17:15.0000000,6451.86,6451.87,40.17652084,0.74806396
2018-11-08T04:17:15.0000000,6451.86,6451.87,40.17652084,0.669209
2018-11-08T04:17:16.0000000,6451.86,6451.87,40.34138333,0.669209
2018-11-08T04:17:16.0000000,6451.86,6451.87,40.34138333,1.669209
2018-11-08T04:17:16.0000000,6451.86,6451.87,40.34138333,0.669209
2018-11-08T04:17:16.0000000,6451.86,6451.87,40.34138333,0.74806396
2018-11-08T04:17:16.0000000,6451.86,6451.87,40.34138333,0.669209
2018-11-08T04:17:17.0000000,6451.86,6451.87,40.34138333,1.669209
2018-11-08T04:17:17.0000000,6451.86,6451.87,40.34138333,0.669209
2018-11-08T04:17:17.0000000,6451.86,6451.87,40.34138333,0.74806396
2018-11-08T04:17:17.0000000,6451.86,6451.87,40.34138333,0.669209
2018-11-08T04:17:18.0000000,6451.86,6451.87,40.34138333,1.669209
2018-11-08T04:17:18.0000000,6451.86,6451.87,40.34138333,0.669209
2018-11-08T04:17:18.0000000,6451.86,6451.87,40.34138333,1.669209
2018-11-08T04:17:18.0000000,6451.86,6451.87,40.34138333,1.74806396
2018-11-08T04:17:18.0000000,6451.86,6451.87,40.34138333,0.74806396
2018-11-08T04:17:18.0000000,6451.86,6451.87,40.34138333,0.669209
2018-11-08T04:17:19.0000000,6451.86,6451.87,39.90138333,0.669209
2018-11-08T04:17:19.0000000,6451.86,6451.87,40.34138333,0.669209
2018-11-08T04:17:19.0000000,6451.86,6451.87,40.34138333,1.669209
2018-11-08T04:17:19.0000000,6451.86,6451.87,40.34138333,0.669209
2018-11-08T04:17:19.0000000,6451.86,6451.87,40.34138333,0.74806396
2018-11-08T04:17:19.0000000,6451.86,6451.87,40.34138333,0.669209
2018-11-08T04:17:20.0000000,6451.86,6451.87,40.34138333,1.669209
2018-11-08T04:17:20.0000000,6451.86,6451.87,40.34370824,1.669209
2018-11-08T04:17:20.0000000,6451.86,6451.87,40.34370824,0.669209
2018-11-08T04:17:20.0000000,6451.86,6451.87,40.34138333,0.669209
2018-11-08T04:17:20.0000000,6451.86,6451.87,39.90138333,0.669209
2018-11-08T04:17:20.0000000,6451.86,6451.87,39.90138333,0.739209
2018-11-08T04:17:20.0000000,6451.86,6451.87,39.90138333,0.81806396
2018-11-08T04:17:20.0000000,6451.86,6451.87,39.90138333,0.739209
2018-11-08T04:17:20.0000000,6451.86,6451.87,39.90138333,1.739209
2018-11-08T04:17:20.0000000,6451.86,6451.87,39.90138333,0.739209
2018-11-08T04:17:21.0000000,6451.86,6451.87,39.90138333,0.776249
2018-11-08T04:17:21.0000000,6451.86,6451.87,39.86138333,0.776249
2018-11-08T04:17:21.0000000,6451.86,6451.87,39.86138333,0.776249
2018-11-08T04:17:21.0000000,6451.86,6451.87,39.86138333,0.87085747
2018-11-08T04:17:21.0000000,6451.86,6451.87,39.86138333,0.776249
2018-11-08T04:17:22.0000000,6451.86,6451.87,39.85860333,0.776249
2018-11-08T04:17:22.0000000,6451.86,6451.87,39.85860333,0.776249
2018-11-08T04:17:22.0000000,6451.86,6451.87,39.85860333,1.776249
2018-11-08T04:17:22.0000000,6451.86,6451.87,39.85860333,1.87085747
2018-11-08T04:17:22.0000000,6451.86,6451.87,39.85860333,1.776249
2018-11-08T04:17:23.0000000,6451.86,6451.87,39.85860333,1.87085747
2018-11-08T04:17:23.0000000,6451.86,6451.87,39.85860333,1.776249
2018-11-08T04:17:24.0000000,6451.86,6451.87,39.85860333,1.87085747
2018-11-08T04:17:24.0000000,6451.86,6451.87,39.85860333,1.776249
2018-11-08T04:17:24.0000000,6451.86,6451.87,39.85860333,1.77262322
2018-11-08T04:17:24.0000000,6451.86,6451.87,39.85860333,1.77262322
2018-11-08T04:17:25.0000000,6451.86,6451.87,39.85860333,1.86360591
2018-11-08T04:17:25.0000000,6451.86,6451.87,39.85860333,1.77262322
2018-11-08T04:17:25.0000000,6451.86,6451.87,39.85860333,1.76985968
2018-11-08T04:17:25.0000000,6451.86,6451.87,39.85860333,1.76985968
2018-11-08T04:17:26.0000000,6451.86,6451.87,39.85860333,1.8713984
2018-11-08T04:17:26.0000000,6451.86,6451.87,39.85860333,1.76985968
2018-11-08T04:17:26.0000000,6451.86,6451.87,39.85860333,1.738864
2018-11-08T04:17:26.0000000,6451.86,6451.87,39.85860333,1.738864
2018-11-08T04:17:27.0000000,6451.86,6451.87,39.85860333,1.80940704
2018-11-08T04:17:27.0000000,6451.86,6451.87,39.85860333,1.738864
2018-11-08T04:17:28.0000000,6451.86,6451.87,39.85860333,1.80940704
2018-11-08T04:17:28.0000000,6451.86,6451.87,39.85860333,1.738864
2018-11-08T04:17:29.0000000,6451.86,6451.87,39.85860333,1.668864
2018-11-08T04:17:29.0000000,6451.86,6451.87,40.29860333,1.668864
2018-11-08T04:17:29.0000000,6451.86,6451.87,40.29860333,1.73940704
2018-11-08T04:17:29.0000000,6451.86,6451.87,40.29860333,1.668864
2018-11-08T04:17:30.0000000,6451.86,6451.87,40.29860333,1.75693514
2018-11-08T04:17:30.0000000,6451.86,6451.87,40.29860333,1.668864
2018-11-08T04:17:31.0000000,6451.86,6451.87,40.29860333,1.65884142
2018-11-08T04:17:31.0000000,6451.86,6451.87,40.29860333,1.65884142
2018-11-08T04:17:31.0000000,6451.86,6451.87,40.29860333,1.65390285
2018-11-08T04:17:31.0000000,6451.86,6451.87,40.29860333,1.65390285
2018-11-08T04:17:31.0000000,6451.86,6451.87,40.29860333,1.85343647
2018-11-08T04:17:32.0000000,6451.86,6451.87,40.29860333,1.88299701
2018-11-08T04:17:33.0000000,6451.86,6451.87,40.29860333,1.94422122
2018-11-08T04:17:33.0000000,6451.86,6451.87,40.29860333,1.88299701
2018-11-08T04:17:34.0000000,6451.86,6451.87,39.85860333,1.88299701
2018-11-08T04:17:34.0000000,6451.86,6451.87,39.85860333,1.86015558
2018-11-08T04:17:34.0000000,6451.86,6451.87,39.85860333,1.86015558
2018-11-08T04:17:34.0000000,6451.86,6451.87,39.85860333,1.85613416
2018-11-08T04:17:34.0000000,6451.86,6451.87,39.85860333,1.85600019
2018-11-08T04:17:34.0000000,6451.86,6451.87,39.85860333,1.85600019
2018-11-08T04:17:34.0000000,6451.86,6451.87,39.85860333,1.9172244
2018-11-08T04:17:34.0000000,6451.86,6451.87,39.85860333,1.85600019
2018-11-08T04:17:35.0000000,6451.86,6451.87,39.85860333,1.92600019
2018-11-08T04:17:35.0000000,6451.86,6451.87,39.85860333,1.92000019
2018-11-08T04:17:35.0000000,6451.86,6451.87,39.85860333,1.92000019
2018-11-08T04:17:35.0000000,6451.86,6451.87,39.85860333,1.77613416
2018-11-08T04:17:35.0000000,6451.86,6451.87,39.85860333,1.97566778
2018-11-08T04:17:35.0000000,6451.86,6451.87,39.85860333,1.77613416
2018-11-08T04:17:36.0000000,6451.86,6451.87,39.85860333,1.33613416
2018-11-08T04:17:36.0000000,6451.86,6451.87,39.85860333,1.53566778
2018-11-08T04:17:36.0000000,6451.86,6451.87,39.85860333,1.33613416
2018-11-08T04:17:37.0000000,6451.86,6451.87,39.85860333,1.26613416
2018-11-08T04:17:37.0000000,6451.86,6451.87,40.29860333,1.26613416
2018-11-08T04:17:37.0000000,6451.86,6451.87,39.5041614,1.26613416
2018-11-08T04:17:37.0000000,6451.86,6451.87,39.5041614,1.26613416
2018-11-08T04:17:37.0000000,6451.86,6451.87,39.5016614,1.26613416
2018-11-08T04:17:38.0000000,6451.86,6451.87,39.5016614,1.46566778
2018-11-08T04:17:38.0000000,6451.86,6451.87,39.5016614,1.26613416
2018-11-08T04:17:39.0000000,6451.86,6451.87,39.46900582,1.26613416
2018-11-08T04:17:39.0000000,6451.86,6451.87,39.46900582,1.26613416
2018-11-08T04:17:39.0000000,6451.86,6451.87,39.46900582,1.46566778
2018-11-08T04:17:39.0000000,6451.86,6451.87,39.46900582,1.26613416
2018-11-08T04:17:39.0000000,6451.86,6451.87,39.47150582,1.26613416
2018-11-08T04:17:40.0000000,6451.86,6451.87,39.03150582,1.26613416
2018-11-08T04:17:40.0000000,6451.86,6451.87,39.03150582,1.70013416
2018-11-08T04:17:40.0000000,6451.86,6451.87,39.47150582,1.70013416
2018-11-08T04:17:41.0000000,6451.86,6451.87,39.46780582,1.70013416
2018-11-08T04:17:41.0000000,6451.86,6451.87,39.46780582,1.70013416
2018-11-08T04:17:41.0000000,6451.86,6451.87,39.46780582,1.72791416
2018-11-08T04:17:41.0000000,6451.86,6451.87,39.46780582,1.92744778
2018-11-08T04:17:41.0000000,6451.86,6451.87,39.46780582,1.72791416
2018-11-08T04:17:42.0000000,6451.86,6451.87,39.02780582,1.72791416
