topBid,topAsk,bidVol,askVol
2018-11-07T19:10:01.0000000,6513.61,6513.62,32.97943327,5.67356153
2018-11-07T19:10:01.0000000,6513.61,6513.62,32.97573327,5.67356153
2018-11-07T19:10:01.0000000,6513.61,6513.62,32.97573327,5.67356153
2018-11-07T19:10:02.0000000,6513.61,6513.62,32.97573327,5.31356153
2018-11-07T19:10:02.0000000,6513.61,6513.62,33.08573327,5.31356153
2018-11-07T19:10:03.0000000,6513.61,6513.62,33.08573327,4.85456153
2018-11-07T19:10:03.0000000,6513.61,6513.62,32.97573327,4.85456153
2018-11-07T19:10:03.0000000,6513.61,6513.62,32.97573327,5.21456153
2018-11-07T19:10:03.0000000,6513.61,6513.62,32.97573327,5.19974222
2018-11-07T19:10:03.0000000,6513.61,6513.62,32.97573327,5.19974222
2018-11-07T19:10:04.0000000,6513.61,6513.62,32.97573327,4.83974222
2018-11-07T19:10:04.0000000,6513.61,6513.62,33.08573327,4.83974222
2018-11-07T19:10:04.0000000,6513.61,6513.62,32.97573327,4.83974222
2018-11-07T19:10:04.0000000,6513.61,6513.62,32.97573327,5.19974222
2018-11-07T19:10:06.0000000,6513.61,6513.62,32.97573327,5.17697324
2018-11-07T19:10:06.0000000,6513.61,6513.62,32.97573327,5.17697324
2018-11-07T19:10:06.0000000,6513.61,6513.62,32.97573327,5.1545159
2018-11-07T19:10:06.0000000,6513.61,6513.62,32.97573327,5.1545159
2018-11-07T19:10:07.0000000,6513.61,6513.62,32.97573327,4.7945159
2018-11-07T19:10:07.0000000,6513.61,6513.62,33.08573327,4.7945159
2018-11-07T19:10:07.0000000,6513.61,6513.62,32.08573327,4.7945159
2018-11-07T19:10:07.0000000,6513.61,6513.62,32.08573327,5.7945159
2018-11-07T19:10:07.0000000,6513.61,6513.62,32.08573327,4.7945159
2018-11-07T19:10:07.0000000,6513.61,6513.62,32.08573327,5.1545159
2018-11-07T19:10:07.0000000,6513.61,6513.62,33.08573327,5.1545159
2018-11-07T19:10:07.0000000,6513.61,6513.62,32.97573327,5.1545159
2018-11-07T19:10:07.0000000,6513.61,6513.62,32.97573327,6.1545159
2018-11-07T19:10:07.0000000,6513.61,6513.62,32.97573327,5.1545159
2018-11-07T19:10:07.0000000,6513.61,6513.62,31.97573327,5.1545159
2018-11-07T19:10:08.0000000,6513.61,6513.62,31.97573327,6.1545159
2018-11-07T19:10:08.0000000,6513.61,6513.62,31.97573327,5.1545159
2018-11-07T19:10:08.0000000,6513.61,6513.62,31.97573327,6.1545159
2018-11-07T19:10:08.0000000,6513.61,6513.62,31.97573327,5.1545159
2018-11-07T19:10:08.0000000,6513.61,6513.62,31.97573327,6.1545159
2018-11-07T19:10:08.0000000,6513.61,6513.62,31.97573327,5.1545159
2018-11-07T19:10:08.0000000,6513.61,6513.62,31.97573327,6.1545159
2018-11-07T19:10:08.0000000,6513.61,6513.62,32.97573327,6.1545159
2018-11-07T19:10:08.0000000,6513.61,6513.62,32.97573327,5.1545159
2018-11-07T19:10:08.0000000,6513.61,6513.62,31.97573327,5.1545159
2018-11-07T19:10:08.0000000,6513.61,6513.62,32.97573327,5.1545159
2018-11-07T19:10:08.0000000,6513.61,6513.62,32.97573327,5.1509245
2018-11-07T19:10:08.0000000,6513.61,6513.62,32.97573327,5.1509245
2018-11-07T19:10:09.0000000,6513.61,6513.62,32.97573327,5.14465979
2018-11-07T19:10:09.0000000,6513.61,6513.62,32.97573327,5.14465979
2018-11-07T19:10:09.0000000,6513.61,6513.62,32.61414318,5.14465979
2018-11-07T19:10:09.0000000,6513.61,6513.62,32.34534318,5.14465979
2018-11-07T19:10:09.0000000,6513.61,6513.62,32.34534318,5.14465979
2018-11-07T19:10:09.0000000,6513.61,6513.62,32.33766695,5.14465979
2018-11-07T19:10:09.0000000,6513.61,6513.62,31.92306327,5.14465979
2018-11-07T19:10:09.0000000,6513.61,6513.62,31.92306327,5.14465979
2018-11-07T19:10:10.0000000,6513.61,6513.62,30.92306327,5.14465979
2018-11-07T19:10:10.0000000,6513.61,6513.62,30.92306327,6.14465979
2018-11-07T19:10:10.0000000,6513.61,6513.62,31.92306327,6.14465979
2018-11-07T19:10:10.0000000,6513.61,6513.62,31.92306327,5.14465979
2018-11-07T19:10:10.0000000,6513.61,6513.62,30.92306327,5.14465979
2018-11-07T19:10:10.0000000,6513.61,6513.62,31.92306327,5.14465979
2018-11-07T19:10:11.0000000,6513.61,6513.62,31.69521563,5.14465979
2018-11-07T19:10:11.0000000,6513.61,6513.62,31.69521563,5.14465979
2018-11-07T19:10:11.0000000,6513.61,6513.62,29.19521563,5.14465979
2018-11-07T19:10:11.0000000,6513.61,6513.62,28.19521563,5.14465979
2018-11-07T19:10:11.0000000,6513.61,6513.62,28.19521563,6.14465979
2018-11-07T19:10:11.0000000,6513.61,6513.62,28.19521563,8.64465979
2018-11-07T19:10:11.0000000,6513.61,6513.62,28.19521563,11.14465979
2018-11-07T19:10:11.0000000,6513.61,6513.62,28.19521563,8.64465979
2018-11-07T19:10:12.0000000,6513.61,6513.62,28.19521563,11.14465979
2018-11-07T19:10:12.0000000,6513.61,6513.62,28.19521563,8.64465979
2018-11-07T19:10:12.0000000,6513.61,6513.62,28.19521563,11.14465979
2018-11-07T19:10:12.0000000,6513.61,6513.62,28.19521563,8.64465979
2018-11-07T19:10:13.0000000,6513.61,6513.62,28.19521563,6.14465979
2018-11-07T19:10:13.0000000,6513.61,6513.62,28.19521563,5.14465979
2018-11-07T19:10:13.0000000,6513.61,6513.62,30.69521563,5.14465979
2018-11-07T19:10:13.0000000,6513.61,6513.62,30.69521563,6.14465979
2018-11-07T19:10:13.0000000,6513.61,6513.62,30.69521563,5.14465979
2018-11-07T19:10:13.0000000,6513.61,6513.62,31.69521563,5.14465979
2018-11-07T19:10:14.0000000,6513.61,6513.62,31.69521563,4.03804
2018-11-07T19:10:14.0000000,6513.61,6513.62,31.69521563,4.03804
2018-11-07T19:10:14.0000000,6513.61,6513.62,31.69521563,4.001
2018-11-07T19:10:14.0000000,6513.61,6513.62,31.69521563,3.63948
2018-11-07T19:10:14.0000000,6513.61,6513.62,31.69521563,3.63948
2018-11-07T19:10:14.0000000,6513.61,6513.62,31.69521563,3.27948
2018-11-07T19:10:14.0000000,6513.61,6513.62,31.80521563,3.27948
2018-11-07T19:10:14.0000000,6513.61,6513.62,31.69521563,3.27948
2018-11-07T19:10:14.0000000,6513.61,6513.62,31.69521563,3.63948
2018-11-07T19:10:14.0000000,6513.61,6513.62,31.69521563,3.27948
2018-11-07T19:10:14.0000000,6513.61,6513.62,31.80521563,3.27948
2018-11-07T19:10:15.0000000,6513.61,6513.62,31.69521563,3.27948
2018-11-07T19:10:15.0000000,6513.61,6513.62,31.69521563,3.63948
2018-11-07T19:10:17.0000000,6513.61,6513.62,31.69521563,3.27948
2018-11-07T19:10:17.0000000,6513.61,6513.62,31.80521563,3.27948
2018-11-07T19:10:17.0000000,6513.61,6513.62,31.80521563,3.27520117
2018-11-07T19:10:17.0000000,6513.61,6513.62,31.80521563,3.27520117
2018-11-07T19:10:18.0000000,6513.61,6513.62,31.69521563,3.27520117
2018-11-07T19:10:18.0000000,6513.61,6513.62,31.69521563,3.63520117
2018-11-07T19:10:18.0000000,6513.61,6513.62,31.69521563,4.09420117
2018-11-07T19:10:19.0000000,6513.61,6513.62,31.69521563,3.73420117
2018-11-07T19:10:19.0000000,6513.61,6513.62,31.80521563,3.73420117
2018-11-07T19:10:19.0000000,6513.61,6513.62,31.69521563,3.73420117
2018-11-07T19:10:19.0000000,6513.61,6513.62,31.80521563,3.73420117
2018-11-07T19:10:19.0000000,6513.61,6513.62,31.80521563,3.27520117
2018-11-07T19:10:20.0000000,6513.61,6513.62,31.69521563,3.27520117
2018-11-07T19:10:20.0000000,6513.61,6513.62,31.69521563,3.63520117
2018-11-07T19:10:21.0000000,6513.61,6513.62,31.67978601,3.63520117
2018-11-07T19:10:21.0000000,6513.61,6513.62,31.67978601,3.63520117
2018-11-07T19:10:21.0000000,6513.61,6513.62,29.17978601,3.63520117
2018-11-07T19:10:21.0000000,6513.61,6513.62,31.67978601,3.63520117
2018-11-07T19:10:21.0000000,6513.61,6513.62,31.67978601,3.67224117
2018-11-07T19:10:21.0000000,6513.61,6513.62,31.67978601,3.65742186
2018-11-07T19:10:21.0000000,6513.61,6513.62,31.67978601,3.65742186
2018-11-07T19:10:21.0000000,6513.61,6513.62,31.67978601,3.52668165
2018-11-07T19:10:21.0000000,6513.61,6513.62,31.67978601,3.52668165
2018-11-07T19:10:22.0000000,6513.61,6513.62,31.60479807,3.52668165
2018-11-07T19:10:22.0000000,6513.61,6513.62,31.60479807,3.52668165
2018-11-07T19:10:22.0000000,6513.61,6513.62,31.60379807,3.52668165
2018-11-07T19:10:22.0000000,6513.61,6513.62,31.60379807,3.52668165
2018-11-07T19:10:23.0000000,6513.61,6513.62,31.60379807,3.98568165
2018-11-07T19:10:25.0000000,6513.61,6513.62,29.10379807,3.98568165
2018-11-07T19:10:26.0000000,6513.61,6513.62,31.60379807,3.98568165
2018-11-07T19:10:26.0000000,6513.61,6513.62,31.60379807,3.97040406
2018-11-07T19:10:26.0000000,6513.61,6513.62,31.60379807,3.97040406
2018-11-07T19:10:26.0000000,6513.61,6513.62,31.60379807,4.51598883
2018-11-07T19:10:27.0000000,6513.61,6513.62,29.10379807,4.51598883
2018-11-07T19:10:27.0000000,6513.61,6513.62,29.10379807,4.22219037
2018-11-07T19:10:27.0000000,6513.61,6513.62,29.10379807,4.22219037
2018-11-07T19:10:27.0000000,6513.61,6513.62,31.60379807,4.22219037
2018-11-07T19:10:27.0000000,6513.61,6513.62,31.60379807,4.2016242
2018-11-07T19:10:27.0000000,6513.61,6513.62,31.60379807,4.2016242
2018-11-07T19:10:27.0000000,6513.61,6513.62,31.71379807,4.2016242
2018-11-07T19:10:27.0000000,6513.61,6513.62,31.71379807,3.8416242
2018-11-07T19:10:30.0000000,6513.61,6513.62,29.21379807,3.8416242
2018-11-07T19:10:32.0000000,6513.61,6513.62,29.21379807,4.2016242
2018-11-07T19:10:32.0000000,6513.61,6513.62,29.21379807,3.8416242
2018-11-07T19:10:32.0000000,6513.61,6513.62,29.21379807,4.2016242
2018-11-07T19:10:32.0000000,6513.61,6513.62,29.21379807,3.8416242
2018-11-07T19:10:32.0000000,6513.61,6513.62,29.21379807,4.2016242
2018-11-07T19:10:33.0000000,6513.61,6513.62,29.21379807,3.8416242
2018-11-07T19:10:33.0000000,6513.61,6513.62,29.21379807,4.2016242
2018-11-07T19:10:33.0000000,6513.61,6513.62,29.21379807,3.8416242
2018-11-07T19:10:33.0000000,6513.61,6513.62,29.10379807,3.8416242
2018-11-07T19:10:33.0000000,6513.61,6513.62,29.10379807,4.2016242
2018-11-07T19:10:35.0000000,6513.61,6513.62,31.60379807,4.2016242
2018-11-07T19:10:37.0000000,6513.61,6513.62,31.60379807,4.19505396
2018-11-07T19:10:37.0000000,6513.61,6513.62,31.60379807,4.19505396
2018-11-07T19:10:37.0000000,6513.61,6513.62,31.60379807,4.24505396
2018-11-07T19:10:38.0000000,6513.61,6513.62,31.60379807,3.88505396
2018-11-07T19:10:38.0000000,6513.61,6513.62,31.71379807,3.88505396
2018-11-07T19:10:39.0000000,6513.61,6513.62,31.71379807,3.87023465
2018-11-07T19:10:39.0000000,6513.61,6513.62,31.71379807,3.87023465
2018-11-07T19:10:40.0000000,6513.61,6513.62,31.67907595,3.87023465
2018-11-07T19:10:40.0000000,6513.61,6513.62,31.67907595,3.87023465
2018-11-07T19:10:41.0000000,6513.61,6513.62,31.67537595,3.87023465
2018-11-07T19:10:41.0000000,6513.61,6513.62,31.67537595,3.87023465
2018-11-07T19:10:41.0000000,6513.61,6513.62,31.5724604,3.87023465
2018-11-07T19:10:41.0000000,6513.61,6513.62,31.5724604,3.87023465
2018-11-07T19:10:42.0000000,6513.61,6513.62,31.5724604,4.23023465
2018-11-07T19:10:42.0000000,6513.61,6513.62,31.4624604,4.23023465
2018-11-07T19:10:42.0000000,6513.61,6513.62,28.9624604,4.23023465
2018-11-07T19:10:43.0000000,6513.61,6513.62,31.4624604,4.23023465
2018-11-07T19:10:43.0000000,6513.61,6513.62,31.4624604,4.18023465
2018-11-07T19:10:43.0000000,6513.61,6513.62,31.4624604,4.23023465
2018-11-07T19:10:43.0000000,6513.61,6513.62,28.9624604,4.23023465
2018-11-07T19:10:43.0000000,6513.61,6513.62,27.9624604,4.23023465
2018-11-07T19:10:43.0000000,6513.61,6513.62,27.9624604,5.23023465
2018-11-07T19:10:44.0000000,6513.61,6513.62,27.9624604,7.73023465
2018-11-07T19:10:44.0000000,6513.61,6513.62,27.9624604,7.72290061
2018-11-07T19:10:44.0000000,6513.61,6513.62,27.9624604,7.72290061
2018-11-07T19:10:44.0000000,6513.61,6513.62,27.9624604,7.71556657
2018-11-07T19:10:44.0000000,6513.61,6513.62,27.9624604,7.71556657
2018-11-07T19:10:44.0000000,6513.61,6513.62,27.9624604,7.67884138
2018-11-07T19:10:44.0000000,6513.61,6513.62,27.9624604,7.67884138
2018-11-07T19:10:45.0000000,6513.61,6513.62,27.9624604,7.65884138
2018-11-07T19:10:47.0000000,6513.61,6513.62,27.9624604,7.29884138
2018-11-07T19:10:47.0000000,6513.61,6513.62,28.0724604,7.29884138
2018-11-07T19:10:48.0000000,6513.61,6513.62,28.0724604,6.29884138
2018-11-07T19:10:48.0000000,6513.61,6513.62,29.0724604,6.29884138
2018-11-07T19:10:48.0000000,6513.61,6513.62,29.0724604,3.79884138
2018-11-07T19:10:48.0000000,6513.61,6513.62,31.5724604,3.79884138
2018-11-07T19:10:49.0000000,6513.61,6513.62,31.5724604,3.74884138
2018-11-07T19:10:49.0000000,6513.61,6513.62,29.0724604,3.74884138
2018-11-07T19:10:49.0000000,6513.61,6513.62,29.0724604,3.79884138
2018-11-07T19:10:50.0000000,6513.61,6513.62,29.0724604,4.15884138
2018-11-07T19:10:50.0000000,6513.61,6513.62,29.0724604,6.65884138
2018-11-07T19:10:50.0000000,6513.61,6513.62,28.0724604,6.65884138
2018-11-07T19:10:50.0000000,6513.61,6513.62,28.0724604,7.65884138
2018-11-07T19:10:50.0000000,6513.61,6513.62,28.0724604,7.63460285
2018-11-07T19:10:50.0000000,6513.61,6513.62,28.0724604,7.63460285
2018-11-07T19:10:51.0000000,6513.61,6513.62,28.0724604,7.27460285
2018-11-07T19:10:52.0000000,6513.61,6513.62,28.0724604,6.27460285
2018-11-07T19:10:52.0000000,6513.61,6513.62,29.0724604,6.27460285
2018-11-07T19:10:55.0000000,6513.61,6513.62,29.0724604,6.22460285
2018-11-07T19:10:55.0000000,6513.61,6513.62,28.94766695,6.22460285
2018-11-07T19:10:55.0000000,6513.61,6513.62,28.89561538,6.22460285
2018-11-07T19:10:55.0000000,6513.61,6513.62,28.89561538,6.22460285
2018-11-07T19:10:55.0000000,6513.61,6513.62,28.89561538,6.27460285
2018-11-07T19:10:56.0000000,6513.61,6513.62,28.7678998,6.27460285
2018-11-07T19:10:56.0000000,6513.61,6513.62,28.7678998,6.27460285
2018-11-07T19:10:56.0000000,6513.61,6513.62,27.7678998,6.27460285
2018-11-07T19:10:56.0000000,6513.61,6513.62,27.7678998,7.27460285
2018-11-07T19:10:56.0000000,6513.61,6513.62,27.7678998,6.27460285
2018-11-07T19:10:56.0000000,6513.61,6513.62,28.7678998,6.27460285
2018-11-07T19:10:56.0000000,6513.61,6513.62,28.7678998,7.27460285
2018-11-07T19:10:56.0000000,6513.61,6513.62,27.7678998,7.27460285
2018-11-07T19:10:56.0000000,6513.61,6513.62,27.7678998,6.27460285
2018-11-07T19:10:56.0000000,6513.61,6513.62,28.7678998,6.27460285
2018-11-07T19:10:57.0000000,6513.61,6513.62,27.7678998,6.27460285
2018-11-07T19:10:57.0000000,6513.61,6513.62,27.7678998,7.27460285
2018-11-07T19:10:58.0000000,6513.61,6513.62,27.6578998,7.27460285
2018-11-07T19:10:58.0000000,6513.61,6513.62,27.6578998,7.63460285
2018-11-07T19:10:59.0000000,6513.61,6513.62,27.6578998,6.63460285
2018-11-07T19:10:59.0000000,6513.61,6513.62,27.6578998,7.63460285
2018-11-07T19:10:59.0000000,6513.61,6513.62,28.6578998,7.63460285
2018-11-07T19:10:59.0000000,6513.61,6513.62,28.6578998,6.63460285
2018-11-07T19:10:59.0000000,6513.61,6513.62,28.6578998,6.17560285
2018-11-07T19:11:00.0000000,6513.61,6513.62,28.6578998,6.17277525
2018-11-07T19:11:00.0000000,6513.61,6513.62,28.6578998,6.17277525
2018-11-07T19:11:01.0000000,6513.61,6513.62,28.50530557,6.17277525
2018-11-07T19:11:01.0000000,6513.61,6513.62,28.50530557,6.17277525
2018-11-07T19:11:01.0000000,6513.61,6513.62,27.50530557,6.17277525
2018-11-07T19:11:01.0000000,6513.61,6513.62,27.50530557,7.17277525
2018-11-07T19:11:01.0000000,6513.61,6513.62,27.50530557,7.12277525
2018-11-07T19:11:01.0000000,6513.61,6513.62,27.50160557,7.12277525
2018-11-07T19:11:01.0000000,6513.61,6513.62,27.50160557,7.12277525
2018-11-07T19:11:01.0000000,6513.61,6513.62,27.50160557,7.11717928
2018-11-07T19:11:01.0000000,6513.61,6513.62,27.50160557,7.11717928
2018-11-07T19:11:02.0000000,6513.61,6513.62,27.50160557,7.16717928
2018-11-07T19:11:02.0000000,6513.61,6513.62,27.50160557,7.16412407
2018-11-07T19:11:02.0000000,6513.61,6513.62,27.50160557,7.16412407
2018-11-07T19:11:02.0000000,6513.61,6513.62,27.50160557,6.16412407
2018-11-07T19:11:02.0000000,6513.61,6513.62,28.50160557,6.16412407
2018-11-07T19:11:04.0000000,6513.61,6513.62,28.50160557,8.66412407
2018-11-07T19:11:04.0000000,6513.61,6513.62,28.50160557,6.16412407
2018-11-07T19:11:05.0000000,6513.61,6513.62,28.50160557,8.66412407
2018-11-07T19:11:05.0000000,6513.61,6513.62,28.50160557,6.16412407
2018-11-07T19:11:05.0000000,6513.61,6513.62,27.50160557,6.16412407
2018-11-07T19:11:05.0000000,6513.61,6513.62,27.50160557,7.16412407
2018-11-07T19:11:05.0000000,6513.61,6513.62,28.50160557,7.16412407
2018-11-07T19:11:05.0000000,6513.61,6513.62,28.50160557,6.16412407
2018-11-07T19:11:05.0000000,6513.61,6513.62,27.50160557,6.16412407
2018-11-07T19:11:05.0000000,6513.61,6513.62,27.50160557,8.66412407
2018-11-07T19:11:05.0000000,6513.61,6513.62,27.50160557,6.16412407
2018-11-07T19:11:05.0000000,6513.61,6513.62,27.50160557,7.16412407
2018-11-07T19:11:05.0000000,6513.61,6513.62,27.50160557,9.66412407
2018-11-07T19:11:05.0000000,6513.61,6513.62,28.50160557,9.66412407
2018-11-07T19:11:05.0000000,6513.61,6513.62,28.50160557,7.16412407
2018-11-07T19:11:05.0000000,6513.61,6513.62,28.50160557,6.16412407
2018-11-07T19:11:05.0000000,6513.61,6513.62,27.50160557,6.16412407
2018-11-07T19:11:05.0000000,6513.61,6513.62,28.50160557,6.16412407
2018-11-07T19:11:05.0000000,6513.61,6513.62,27.50160557,6.16412407
2018-11-07T19:11:05.0000000,6513.61,6513.62,27.50160557,7.16412407
2018-11-07T19:11:07.0000000,6513.61,6513.62,27.50160557,7.11412407
2018-11-07T19:11:07.0000000,6513.61,6513.62,27.50160557,6.75412407
2018-11-07T19:11:07.0000000,6513.61,6513.62,27.61160557,6.75412407
2018-11-07T19:11:08.0000000,6513.61,6513.62,27.61160557,6.80412407
2018-11-07T19:11:08.0000000,6513.61,6513.62,27.61160557,7.16412407
2018-11-07T19:11:09.0000000,6513.61,6513.62,27.58250073,7.16412407
2018-11-07T19:11:09.0000000,6513.61,6513.62,27.58250073,7.16412407
2018-11-07T19:11:09.0000000,6513.61,6513.62,27.58250073,6.80412407
2018-11-07T19:11:09.0000000,6513.61,6513.62,27.58250073,7.16412407
2018-11-07T19:11:09.0000000,6513.61,6513.62,27.47250073,7.16412407
2018-11-07T19:11:10.0000000,6513.61,6513.62,27.39751279,7.16412407
2018-11-07T19:11:10.0000000,6513.61,6513.62,27.39751279,7.16412407
2018-11-07T19:11:10.0000000,6513.61,6513.62,27.39751279,7.1182045
2018-11-07T19:11:10.0000000,6513.61,6513.62,27.39751279,7.1182045
2018-11-07T19:11:10.0000000,6513.61,6513.62,27.39357515,7.1182045
2018-11-07T19:11:10.0000000,6513.61,6513.62,27.39357515,7.1182045
2018-11-07T19:11:10.0000000,6513.61,6513.62,27.39357515,9.6182045
2018-11-07T19:11:10.0000000,6513.61,6513.62,27.39357515,7.1182045
2018-11-07T19:11:10.0000000,6513.61,6513.62,27.39357515,9.6182045
2018-11-07T19:11:10.0000000,6513.61,6513.62,27.39357515,7.1182045
2018-11-07T19:11:10.0000000,6513.61,6513.62,27.39357515,9.6182045
2018-11-07T19:11:10.0000000,6513.61,6513.62,27.39357515,7.1182045
2018-11-07T19:11:10.0000000,6513.61,6513.62,27.39357515,9.6182045
2018-11-07T19:11:10.0000000,6513.61,6513.62,27.39357515,7.1182045
2018-11-07T19:11:10.0000000,6513.61,6513.62,27.39357515,9.6182045
2018-11-07T19:11:10.0000000,6513.61,6513.62,27.39357515,7.1182045
2018-11-07T19:11:11.0000000,6513.61,6513.62,27.39357515,9.6182045
2018-11-07T19:11:11.0000000,6513.61,6513.62,27.39357515,7.1182045
2018-11-07T19:11:11.0000000,6513.61,6513.62,27.39357515,9.6182045
2018-11-07T19:11:11.0000000,6513.61,6513.62,27.39357515,7.1182045
2018-11-07T19:11:11.0000000,6513.61,6513.62,27.39357515,9.6182045
2018-11-07T19:11:11.0000000,6513.61,6513.62,27.39357515,7.1182045
2018-11-07T19:11:11.0000000,6513.61,6513.62,27.39357515,9.6182045
2018-11-07T19:11:11.0000000,6513.61,6513.62,27.39357515,7.1182045
2018-11-07T19:11:11.0000000,6513.61,6513.62,27.39357515,9.6182045
2018-11-07T19:11:11.0000000,6513.61,6513.62,27.39357515,7.1182045
2018-11-07T19:11:11.0000000,6513.61,6513.62,27.39357515,9.6182045
2018-11-07T19:11:11.0000000,6513.61,6513.62,27.39357515,7.1182045
2018-11-07T19:11:11.0000000,6513.61,6513.62,27.39357515,9.6182045
2018-11-07T19:11:11.0000000,6513.61,6513.62,27.39357515,7.1182045
2018-11-07T19:11:11.0000000,6513.61,6513.62,27.39357515,9.6182045
2018-11-07T19:11:11.0000000,6513.61,6513.62,27.39357515,7.1182045
2018-11-07T19:11:11.0000000,6513.61,6513.62,27.39357515,9.6182045
2018-11-07T19:11:11.0000000,6513.61,6513.62,27.39357515,7.1182045
2018-11-07T19:11:11.0000000,6513.61,6513.62,27.39357515,9.6182045
2018-11-07T19:11:11.0000000,6513.61,6513.62,27.39357515,7.1182045
2018-11-07T19:11:11.0000000,6513.61,6513.62,27.39357515,9.6182045
2018-11-07T19:11:11.0000000,6513.61,6513.62,27.39357515,7.1182045
2018-11-07T19:11:11.0000000,6513.61,6513.62,27.39357515,9.6182045
2018-11-07T19:11:11.0000000,6513.61,6513.62,27.39357515,7.1182045
2018-11-07T19:11:11.0000000,6513.61,6513.62,27.39357515,9.6182045
2018-11-07T19:11:11.0000000,6513.61,6513.62,27.39357515,7.1182045
2018-11-07T19:11:11.0000000,6513.61,6513.62,27.39357515,9.6182045
2018-11-07T19:11:11.0000000,6513.61,6513.62,27.50357515,9.6182045
2018-11-07T19:11:11.0000000,6513.61,6513.62,27.50357515,7.1182045
2018-11-07T19:11:11.0000000,6513.61,6513.62,27.50357515,9.6182045
2018-11-07T19:11:11.0000000,6513.61,6513.62,27.50357515,7.1182045
2018-11-07T19:11:11.0000000,6513.61,6513.62,27.39357515,7.1182045
2018-11-07T19:11:12.0000000,6513.61,6513.62,27.50357515,7.1182045
2018-11-07T19:11:12.0000000,6513.61,6513.62,27.50357515,9.6182045
2018-11-07T19:11:12.0000000,6513.61,6513.62,27.39357515,9.6182045
2018-11-07T19:11:12.0000000,6513.61,6513.62,27.39357515,7.1182045
2018-11-07T19:11:12.0000000,6513.61,6513.62,27.39357515,9.6182045
2018-11-07T19:11:12.0000000,6513.61,6513.62,27.50357515,9.6182045
2018-11-07T19:11:12.0000000,6513.61,6513.62,27.50357515,7.1182045
2018-11-07T19:11:12.0000000,6513.61,6513.62,27.39357515,7.1182045
2018-11-07T19:11:12.0000000,6513.61,6513.62,27.39357515,9.6182045
2018-11-07T19:11:12.0000000,6513.61,6513.62,27.50357515,9.6182045
2018-11-07T19:11:12.0000000,6513.61,6513.62,27.50357515,7.1182045
2018-11-07T19:11:12.0000000,6513.61,6513.62,27.39357515,7.1182045
2018-11-07T19:11:12.0000000,6513.61,6513.62,27.39357515,9.6182045
2018-11-07T19:11:12.0000000,6513.61,6513.62,27.39357515,7.1182045
2018-11-07T19:11:12.0000000,6513.61,6513.62,27.39357515,9.6182045
2018-11-07T19:11:12.0000000,6513.61,6513.62,27.39357515,7.1182045
2018-11-07T19:11:12.0000000,6513.61,6513.62,27.50357515,7.1182045
2018-11-07T19:11:12.0000000,6513.61,6513.62,27.50357515,9.6182045
2018-11-07T19:11:12.0000000,6513.61,6513.62,27.39357515,9.6182045
2018-11-07T19:11:12.0000000,6513.61,6513.62,27.39357515,7.1182045
2018-11-07T19:11:12.0000000,6513.61,6513.62,27.39357515,9.6182045
2018-11-07T19:11:12.0000000,6513.61,6513.62,27.39357515,7.1182045
2018-11-07T19:11:12.0000000,6513.61,6513.62,27.39357515,9.6182045
2018-11-07T19:11:12.0000000,6513.61,6513.62,27.39357515,7.1182045
2018-11-07T19:11:12.0000000,6513.61,6513.62,27.39357515,9.6182045
2018-11-07T19:11:12.0000000,6513.61,6513.62,27.39357515,7.1182045
2018-11-07T19:11:12.0000000,6513.61,6513.62,27.39357515,9.6182045
2018-11-07T19:11:12.0000000,6513.61,6513.62,27.39357515,7.1182045
2018-11-07T19:11:13.0000000,6513.61,6513.62,27.39357515,9.6182045
2018-11-07T19:11:13.0000000,6513.61,6513.62,27.39357515,7.1182045
2018-11-07T19:11:13.0000000,6513.61,6513.62,27.39357515,9.6182045
2018-11-07T19:11:13.0000000,6513.61,6513.62,27.39357515,7.1182045
2018-11-07T19:11:13.0000000,6513.61,6513.62,27.39357515,9.6182045
2018-11-07T19:11:13.0000000,6513.61,6513.62,27.39357515,7.1182045
2018-11-07T19:11:13.0000000,6513.61,6513.62,27.39357515,9.6182045
2018-11-07T19:11:13.0000000,6513.61,6513.62,27.39357515,7.1182045
2018-11-07T19:11:13.0000000,6513.61,6513.62,27.39357515,7.0682045
2018-11-07T19:11:13.0000000,6513.61,6513.62,27.39357515,9.5682045
2018-11-07T19:11:13.0000000,6513.61,6513.62,27.39357515,7.0682045
2018-11-07T19:11:13.0000000,6513.61,6513.62,27.39357515,9.5682045
2018-11-07T19:11:13.0000000,6513.61,6513.62,27.39357515,7.0682045
2018-11-07T19:11:13.0000000,6513.61,6513.62,27.39357515,9.5682045
2018-11-07T19:11:14.0000000,6513.61,6513.62,27.39357515,9.6182045
2018-11-07T19:11:14.0000000,6513.61,6513.62,27.39357515,7.1182045
2018-11-07T19:11:14.0000000,6513.61,6513.62,27.39357515,9.6182045
2018-11-07T19:11:14.0000000,6513.61,6513.62,27.39357515,7.1182045
2018-11-07T19:11:14.0000000,6513.61,6513.62,27.39357515,9.6182045
2018-11-07T19:11:14.0000000,6513.61,6513.62,27.39357515,7.1182045
2018-11-07T19:11:14.0000000,6513.61,6513.62,27.39357515,9.6182045
2018-11-07T19:11:14.0000000,6513.61,6513.62,27.39357515,7.1182045
2018-11-07T19:11:14.0000000,6513.61,6513.62,27.39357515,9.6182045
2018-11-07T19:11:14.0000000,6513.61,6513.62,27.39357515,7.1182045
2018-11-07T19:11:14.0000000,6513.61,6513.62,27.39357515,9.6182045
2018-11-07T19:11:14.0000000,6513.61,6513.62,27.39357515,7.1182045
2018-11-07T19:11:14.0000000,6513.61,6513.62,27.39357515,9.6182045
2018-11-07T19:11:14.0000000,6513.61,6513.62,27.39357515,7.1182045
2018-11-07T19:11:14.0000000,6513.61,6513.62,27.39357515,9.6182045
2018-11-07T19:11:14.0000000,6513.61,6513.62,27.39357515,7.1182045
2018-11-07T19:11:14.0000000,6513.61,6513.62,27.39357515,9.6182045
2018-11-07T19:11:14.0000000,6513.61,6513.62,27.39357515,7.1182045
2018-11-07T19:11:14.0000000,6513.61,6513.62,27.39357515,9.6182045
2018-11-07T19:11:14.0000000,6513.61,6513.62,27.39357515,7.1182045
2018-11-07T19:11:14.0000000,6513.61,6513.62,27.39357515,9.6182045
2018-11-07T19:11:14.0000000,6513.61,6513.62,27.39357515,7.1182045
2018-11-07T19:11:14.0000000,6513.61,6513.62,27.39357515,9.6182045
2018-11-07T19:11:14.0000000,6513.61,6513.62,27.39357515,7.1182045
2018-11-07T19:11:14.0000000,6513.61,6513.62,27.39357515,9.6182045
2018-11-07T19:11:14.0000000,6513.61,6513.62,27.39357515,7.1182045
2018-11-07T19:11:14.0000000,6513.61,6513.62,27.39357515,9.6182045
2018-11-07T19:11:14.0000000,6513.61,6513.62,27.39357515,7.1182045
2018-11-07T19:11:14.0000000,6513.61,6513.62,27.39357515,6.1182045
2018-11-07T19:11:14.0000000,6513.61,6513.62,28.39357515,6.1182045
2018-11-07T19:11:14.0000000,6513.61,6513.62,28.39357515,7.1182045
2018-11-07T19:11:14.0000000,6513.61,6513.62,27.39357515,7.1182045
2018-11-07T19:11:14.0000000,6513.61,6513.62,27.39357515,6.1182045
2018-11-07T19:11:14.0000000,6513.61,6513.62,27.50357515,6.1182045
2018-11-07T19:11:14.0000000,6513.61,6513.62,27.39357515,6.1182045
2018-11-07T19:11:14.0000000,6513.61,6513.62,27.39357515,8.6182045
2018-11-07T19:11:14.0000000,6513.61,6513.62,27.39357515,6.1182045
2018-11-07T19:11:14.0000000,6513.61,6513.62,27.39357515,7.1182045
2018-11-07T19:11:14.0000000,6513.61,6513.62,27.50357515,7.1182045
2018-11-07T19:11:14.0000000,6513.61,6513.62,27.50357515,9.6182045
2018-11-07T19:11:14.0000000,6513.61,6513.62,27.50357515,7.1182045
2018-11-07T19:11:14.0000000,6513.61,6513.62,27.39357515,7.1182045
2018-11-07T19:11:15.0000000,6513.61,6513.62,27.39357515,9.6182045
2018-11-07T19:11:15.0000000,6513.61,6513.62,27.39357515,7.1182045
2018-11-07T19:11:15.0000000,6513.61,6513.62,27.39357515,9.6182045
2018-11-07T19:11:15.0000000,6513.61,6513.62,27.39357515,7.1182045
2018-11-07T19:11:15.0000000,6513.61,6513.62,27.39357515,9.6182045
2018-11-07T19:11:15.0000000,6513.61,6513.62,27.39357515,7.1182045
2018-11-07T19:11:15.0000000,6513.61,6513.62,27.39357515,9.6182045
2018-11-07T19:11:15.0000000,6513.61,6513.62,27.39357515,7.1182045
2018-11-07T19:11:15.0000000,6513.61,6513.62,27.39357515,9.6182045
2018-11-07T19:11:15.0000000,6513.61,6513.62,27.39357515,7.1182045
2018-11-07T19:11:15.0000000,6513.61,6513.62,27.39357515,9.6182045
2018-11-07T19:11:15.0000000,6513.61,6513.62,27.39357515,7.1182045
2018-11-07T19:11:15.0000000,6513.61,6513.62,27.39357515,9.6182045
2018-11-07T19:11:15.0000000,6513.61,6513.62,27.39357515,7.1182045
2018-11-07T19:11:15.0000000,6513.61,6513.62,27.39357515,9.6182045
2018-11-07T19:11:15.0000000,6513.61,6513.62,27.39357515,7.1182045
2018-11-07T19:11:15.0000000,6513.61,6513.62,27.39357515,9.6182045
2018-11-07T19:11:15.0000000,6513.61,6513.62,27.39357515,7.1182045
2018-11-07T19:11:15.0000000,6513.61,6513.62,27.39357515,9.6182045
2018-11-07T19:11:15.0000000,6513.61,6513.62,27.39357515,7.1182045
2018-11-07T19:11:15.0000000,6513.61,6513.62,27.39357515,9.6182045
2018-11-07T19:11:15.0000000,6513.61,6513.62,27.39357515,7.1182045
2018-11-07T19:11:15.0000000,6513.61,6513.62,27.39357515,9.6182045
2018-11-07T19:11:15.0000000,6513.61,6513.62,27.39357515,7.1182045
2018-11-07T19:11:15.0000000,6513.61,6513.62,27.39357515,9.6182045
2018-11-07T19:11:15.0000000,6513.61,6513.62,27.39357515,7.1182045
2018-11-07T19:11:15.0000000,6513.61,6513.62,27.39357515,9.6182045
2018-11-07T19:11:15.0000000,6513.61,6513.62,27.39357515,7.1182045
2018-11-07T19:11:15.0000000,6513.61,6513.62,27.39357515,9.6182045
2018-11-07T19:11:15.0000000,6513.61,6513.62,27.39357515,7.1182045
2018-11-07T19:11:15.0000000,6513.61,6513.62,27.39357515,7.10720421
2018-11-07T19:11:15.0000000,6513.61,6513.62,27.39357515,7.10720421
2018-11-07T19:11:16.0000000,6513.61,6513.62,19.89357515,7.10720421
2018-11-07T19:11:16.0000000,6513.61,6513.62,19.89357515,14.60720421
2018-11-07T19:11:16.0000000,6513.61,6513.62,19.89357515,17.10720421
2018-11-07T19:11:16.0000000,6513.61,6513.62,19.89357515,9.60720421
2018-11-07T19:11:16.0000000,6513.61,6513.62,27.39357515,9.60720421
2018-11-07T19:11:16.0000000,6513.61,6513.62,19.89357515,9.60720421
2018-11-07T19:11:16.0000000,6513.61,6513.62,27.39357515,9.60720421
2018-11-07T19:11:17.0000000,6513.61,6513.62,27.39357515,9.57782375
2018-11-07T19:11:17.0000000,6513.61,6513.62,27.39357515,9.57782375
2018-11-07T19:11:18.0000000,6513.61,6513.62,27.39357515,8.57782375
2018-11-07T19:11:18.0000000,6513.61,6513.62,28.39357515,8.57782375
2018-11-07T19:11:18.0000000,6513.61,6513.62,28.39357515,6.07782375
2018-11-07T19:11:19.0000000,6513.61,6513.62,28.39357515,8.57782375
2018-11-07T19:11:19.0000000,6513.61,6513.62,27.39357515,8.57782375
2018-11-07T19:11:19.0000000,6513.61,6513.62,28.39357515,8.57782375
2018-11-07T19:11:19.0000000,6513.61,6513.62,27.39357515,8.57782375
2018-11-07T19:11:19.0000000,6513.61,6513.62,28.39357515,8.57782375
2018-11-07T19:11:19.0000000,6513.61,6513.62,28.39357515,8.52782375
2018-11-07T19:11:19.0000000,6513.61,6513.62,27.39357515,8.52782375
2018-11-07T19:11:19.0000000,6513.61,6513.62,27.39357515,9.52782375
2018-11-07T19:11:20.0000000,6513.61,6513.62,27.39357515,9.57782375
2018-11-07T19:11:20.0000000,6513.61,6513.62,27.39357515,59.57782375
2018-11-07T19:11:20.0000000,6513.61,6513.62,23.56157515,59.57782375
2018-11-07T19:11:21.0000000,6513.61,6513.62,23.55787515,59.57782375
2018-11-07T19:11:21.0000000,6513.61,6513.62,23.55787515,59.57782375
2018-11-07T19:11:21.0000000,6513.61,6513.62,23.4549596,59.57782375
2018-11-07T19:11:21.0000000,6513.61,6513.62,23.4549596,59.57782375
2018-11-07T19:11:21.0000000,6513.61,6513.62,15.9549596,59.57782375
2018-11-07T19:11:21.0000000,6513.61,6513.62,15.9549596,67.07782375
2018-11-07T19:11:21.0000000,6513.61,6513.62,16.0649596,67.07782375
2018-11-07T19:11:21.0000000,6513.61,6513.62,16.0649596,66.71782375
2018-11-07T19:11:23.0000000,6513.61,6513.62,15.9549596,66.71782375
2018-11-07T19:11:24.0000000,6513.61,6513.62,16.0649596,66.71782375
2018-11-07T19:11:24.0000000,6513.61,6513.62,15.9549596,66.71782375
2018-11-07T19:11:24.0000000,6513.61,6513.62,16.0649596,66.71782375
2018-11-07T19:11:24.0000000,6513.61,6513.62,16.0649596,66.71354492
2018-11-07T19:11:24.0000000,6513.61,6513.62,16.0649596,66.71354492
2018-11-07T19:11:24.0000000,6513.61,6513.62,15.9549596,66.71354492
2018-11-07T19:11:24.0000000,6513.61,6513.62,16.0649596,66.71354492
2018-11-07T19:11:24.0000000,6513.61,6513.62,15.9549596,66.71354492
2018-11-07T19:11:24.0000000,6513.61,6513.62,15.9549596,67.07354492
2018-11-07T19:11:25.0000000,6513.61,6513.62,15.9549596,67.02354492
2018-11-07T19:11:26.0000000,6513.61,6513.62,15.9549596,67.07354492
2018-11-07T19:11:26.0000000,6513.61,6513.62,15.9549596,67.03681973
2018-11-07T19:11:26.0000000,6513.61,6513.62,15.9549596,67.03681973
2018-11-07T19:11:26.0000000,6513.61,6513.62,18.5182126,67.03681973
2018-11-07T19:11:26.0000000,6513.61,6513.62,18.5182126,66.67681973
2018-11-07T19:11:26.0000000,6513.61,6513.62,18.5182126,64.17681973
2018-11-07T19:11:26.0000000,6513.61,6513.62,18.6282126,64.17681973
2018-11-07T19:11:27.0000000,6513.61,6513.62,18.6282126,56.67681973
2018-11-07T19:11:27.0000000,6513.61,6513.62,26.1282126,56.67681973
2018-11-07T19:11:27.0000000,6513.61,6513.62,18.6282126,56.67681973
2018-11-07T19:11:27.0000000,6513.61,6513.62,21.1282126,56.67681973
2018-11-07T19:11:27.0000000,6513.61,6513.62,21.1282126,64.17681973
2018-11-07T19:11:27.0000000,6513.61,6513.62,18.6282126,64.17681973
2018-11-07T19:11:27.0000000,6513.61,6513.62,18.5182126,64.17681973
2018-11-07T19:11:27.0000000,6513.61,6513.62,18.5182126,66.67681973
2018-11-07T19:11:27.0000000,6513.61,6513.62,18.6282126,66.67681973
2018-11-07T19:11:27.0000000,6513.61,6513.62,18.5182126,66.67681973
2018-11-07T19:11:27.0000000,6513.61,6513.62,18.6282126,66.67681973
2018-11-07T19:11:27.0000000,6513.61,6513.62,18.5182126,66.67681973
2018-11-07T19:11:28.0000000,6513.61,6513.62,18.5182126,67.03681973
2018-11-07T19:11:28.0000000,6513.61,6513.62,18.5182126,67.02933293
2018-11-07T19:11:28.0000000,6513.61,6513.62,18.5182126,67.02933293
2018-11-07T19:11:28.0000000,6513.61,6513.62,18.5182126,66.66933293
2018-11-07T19:11:28.0000000,6513.61,6513.62,18.5182126,67.02933293
2018-11-07T19:11:29.0000000,6513.61,6513.62,18.5182126,66.66933293
2018-11-07T19:11:29.0000000,6513.61,6513.62,18.6282126,66.66933293
2018-11-07T19:11:30.0000000,6513.61,6513.62,18.6282126,16.66933293
2018-11-07T19:11:30.0000000,6513.61,6513.62,20.6282126,16.66933293
2018-11-07T19:11:30.0000000,6513.61,6513.62,20.6282126,14.16933293
2018-11-07T19:11:30.0000000,6513.61,6513.62,23.1282126,14.16933293
2018-11-07T19:11:30.0000000,6513.61,6513.62,23.1282126,14.18933293
2018-11-07T19:11:30.0000000,6513.61,6513.62,23.1282126,13.18933293
2018-11-07T19:11:30.0000000,6513.61,6513.62,24.1282126,13.18933293
2018-11-07T19:11:30.0000000,6513.61,6513.62,23.1282126,13.18933293
2018-11-07T19:11:30.0000000,6513.61,6513.62,23.1282126,5.68933293
2018-11-07T19:11:30.0000000,6513.61,6513.62,23.1282126,6.68933293
2018-11-07T19:11:30.0000000,6513.61,6513.62,24.1282126,6.68933293
2018-11-07T19:11:30.0000000,6513.61,6513.62,31.6282126,6.68933293
2018-11-07T19:11:30.0000000,6513.61,6513.62,31.6282126,5.68933293
2018-11-07T19:11:30.0000000,6513.61,6513.62,31.6282126,5.66933293
2018-11-07T19:11:30.0000000,6513.61,6513.62,31.6282126,5.59221018
2018-11-07T19:11:30.0000000,6513.61,6513.62,31.6282126,5.59221018
2018-11-07T19:11:30.0000000,6513.61,6513.62,31.6282126,3.09221018
2018-11-07T19:11:30.0000000,6513.61,6513.62,31.6282126,5.59221018
2018-11-07T19:11:30.0000000,6513.61,6513.62,35.4552126,5.59221018
2018-11-07T19:11:30.0000000,6513.61,6513.62,35.4552126,3.09221018
2018-11-07T19:11:30.0000000,6513.61,6513.62,35.4552126,5.59221018
2018-11-07T19:11:31.0000000,6513.61,6513.62,35.4552126,7.22884644
2018-11-07T19:11:31.0000000,6513.61,6513.62,35.4552126,4.72884644
2018-11-07T19:11:31.0000000,6513.61,6513.62,35.4552126,7.22884644
2018-11-07T19:11:31.0000000,6513.61,6513.62,35.4552126,4.72884644
2018-11-07T19:11:31.0000000,6513.61,6513.62,35.4552126,7.22884644
2018-11-07T19:11:31.0000000,6513.61,6513.62,35.4552126,4.72884644
2018-11-07T19:11:31.0000000,6513.61,6513.62,35.4552126,7.22884644
2018-11-07T19:11:31.0000000,6513.61,6513.62,35.4552126,4.72884644
2018-11-07T19:11:31.0000000,6513.61,6513.62,35.4552126,7.22884644
2018-11-07T19:11:31.0000000,6513.61,6513.62,35.4552126,4.72884644
2018-11-07T19:11:31.0000000,6513.61,6513.62,35.4552126,7.22884644
2018-11-07T19:11:31.0000000,6513.61,6513.62,35.4552126,4.72884644
2018-11-07T19:11:31.0000000,6513.61,6513.62,35.4552126,4.67884644
2018-11-07T19:11:31.0000000,6513.61,6513.62,35.4552126,7.17884644
2018-11-07T19:11:31.0000000,6513.61,6513.62,35.4552126,4.67884644
2018-11-07T19:11:31.0000000,6513.61,6513.62,35.4552126,7.17884644
2018-11-07T19:11:31.0000000,6513.61,6513.62,35.4552126,4.67884644
2018-11-07T19:11:31.0000000,6513.61,6513.62,35.4552126,7.17884644
2018-11-07T19:11:31.0000000,6513.61,6513.62,35.4552126,4.67884644
2018-11-07T19:11:31.0000000,6513.61,6513.62,35.4552126,7.17884644
2018-11-07T19:11:31.0000000,6513.61,6513.62,35.4552126,4.67884644
2018-11-07T19:11:31.0000000,6513.61,6513.62,35.4552126,7.17884644
2018-11-07T19:11:31.0000000,6513.61,6513.62,35.4552126,4.67884644
2018-11-07T19:11:31.0000000,6513.61,6513.62,35.4552126,7.17884644
2018-11-07T19:11:31.0000000,6513.61,6513.62,35.4552126,4.67884644
2018-11-07T19:11:31.0000000,6513.61,6513.62,35.4552126,7.17884644
2018-11-07T19:11:31.0000000,6513.61,6513.62,35.4552126,4.67884644
2018-11-07T19:11:31.0000000,6513.61,6513.62,35.4552126,7.17884644
2018-11-07T19:11:31.0000000,6513.61,6513.62,35.4552126,4.67884644
2018-11-07T19:11:31.0000000,6513.61,6513.62,35.4552126,7.17884644
2018-11-07T19:11:32.0000000,6513.61,6513.62,35.4552126,4.67884644
2018-11-07T19:11:32.0000000,6513.61,6513.62,35.4552126,7.17884644
2018-11-07T19:11:32.0000000,6513.61,6513.62,35.4552126,4.67884644
2018-11-07T19:11:32.0000000,6513.61,6513.62,35.4552126,7.17884644
2018-11-07T19:11:32.0000000,6513.61,6513.62,35.4552126,4.67884644
2018-11-07T19:11:32.0000000,6513.61,6513.62,35.4552126,7.17884644
2018-11-07T19:11:32.0000000,6513.61,6513.62,35.4552126,4.67884644
2018-11-07T19:11:32.0000000,6513.61,6513.62,35.4552126,7.17884644
2018-11-07T19:11:32.0000000,6513.61,6513.62,35.4552126,4.67884644
2018-11-07T19:11:32.0000000,6513.61,6513.62,35.4552126,4.72884644
2018-11-07T19:11:32.0000000,6513.61,6513.62,35.4552126,7.22884644
2018-11-07T19:11:32.0000000,6513.61,6513.62,32.9552126,7.22884644
2018-11-07T19:11:32.0000000,6513.61,6513.62,32.9552126,4.72884644
2018-11-07T19:11:32.0000000,6513.61,6513.62,32.9552126,7.22884644
2018-11-07T19:11:32.0000000,6513.61,6513.62,35.4552126,7.22884644
2018-11-07T19:11:32.0000000,6513.61,6513.62,35.4552126,4.72884644
2018-11-07T19:11:32.0000000,6513.61,6513.62,32.9552126,4.72884644
2018-11-07T19:11:32.0000000,6513.61,6513.62,32.9552126,7.22884644
2018-11-07T19:11:32.0000000,6513.61,6513.62,32.9552126,4.72884644
2018-11-07T19:11:32.0000000,6513.61,6513.62,35.4552126,4.72884644
2018-11-07T19:11:32.0000000,6513.61,6513.62,35.4552126,7.22884644
2018-11-07T19:11:33.0000000,6513.61,6513.62,35.4552126,4.72884644
2018-11-07T19:11:33.0000000,6513.61,6513.62,32.9552126,4.72884644
2018-11-07T19:11:33.0000000,6513.61,6513.62,32.9552126,7.22884644
2018-11-07T19:11:33.0000000,6513.61,6513.62,32.9552126,4.72884644
2018-11-07T19:11:33.0000000,6513.61,6513.62,35.4552126,4.72884644
2018-11-07T19:11:33.0000000,6513.61,6513.62,35.4552126,7.22884644
2018-11-07T19:11:33.0000000,6513.61,6513.62,35.4552126,4.72884644
2018-11-07T19:11:33.0000000,6513.61,6513.62,32.9552126,4.72884644
2018-11-07T19:11:33.0000000,6513.61,6513.62,35.4552126,4.72884644
2018-11-07T19:11:33.0000000,6513.61,6513.62,35.4552126,7.22884644
2018-11-07T19:11:33.0000000,6513.61,6513.62,35.4552126,4.72884644
2018-11-07T19:11:33.0000000,6513.61,6513.62,35.4552126,7.22884644
2018-11-07T19:11:33.0000000,6513.61,6513.62,35.4552126,4.72884644
2018-11-07T19:11:33.0000000,6513.61,6513.62,32.9552126,4.72884644
2018-11-07T19:11:33.0000000,6513.61,6513.62,35.4552126,4.72884644
2018-11-07T19:11:33.0000000,6513.61,6513.62,35.4552126,7.22884644
2018-11-07T19:11:33.0000000,6513.61,6513.62,35.4552126,4.72884644
2018-11-07T19:11:33.0000000,6513.61,6513.62,32.9552126,4.72884644
2018-11-07T19:11:33.0000000,6513.61,6513.62,32.9552126,7.22884644
2018-11-07T19:11:33.0000000,6513.61,6513.62,32.9552126,4.72884644
2018-11-07T19:11:33.0000000,6513.61,6513.62,32.9552126,7.22884644
2018-11-07T19:11:33.0000000,6513.61,6513.62,32.9552126,7.19946598
2018-11-07T19:11:33.0000000,6513.61,6513.62,32.9552126,7.19946598
2018-11-07T19:11:33.0000000,6513.61,6513.62,32.9552126,4.69946598
2018-11-07T19:11:33.0000000,6513.61,6513.62,32.9552126,7.19946598
2018-11-07T19:11:33.0000000,6513.61,6513.62,32.9552126,4.69946598
2018-11-07T19:11:33.0000000,6513.61,6513.62,32.9552126,7.19946598
2018-11-07T19:11:33.0000000,6513.61,6513.62,32.9552126,4.69946598
2018-11-07T19:11:33.0000000,6513.61,6513.62,35.4552126,4.69946598
2018-11-07T19:11:33.0000000,6513.61,6513.62,35.4552126,7.19946598
2018-11-07T19:11:33.0000000,6513.61,6513.62,35.4552126,4.69946598
2018-11-07T19:11:33.0000000,6513.61,6513.62,32.9552126,4.69946598
2018-11-07T19:11:33.0000000,6513.61,6513.62,32.9552126,7.19946598
2018-11-07T19:11:33.0000000,6513.61,6513.62,35.4552126,7.19946598
2018-11-07T19:11:33.0000000,6513.61,6513.62,35.4552126,4.69946598
2018-11-07T19:11:33.0000000,6513.61,6513.62,32.9552126,4.69946598
2018-11-07T19:11:33.0000000,6513.61,6513.62,35.4552126,4.69946598
2018-11-07T19:11:33.0000000,6513.61,6513.62,35.4552126,7.19946598
2018-11-07T19:11:33.0000000,6513.61,6513.62,32.9552126,7.19946598
2018-11-07T19:11:33.0000000,6513.61,6513.62,31.9552126,7.19946598
2018-11-07T19:11:33.0000000,6513.61,6513.62,31.9552126,8.19946598
2018-11-07T19:11:34.0000000,6513.61,6513.62,31.9552126,8.20846598
2018-11-07T19:11:34.0000000,6513.61,6513.62,31.9552126,6.57182972
2018-11-07T19:11:34.0000000,6513.61,6513.62,31.9552126,5.57182972
2018-11-07T19:11:34.0000000,6513.61,6513.62,32.9552126,5.57182972
2018-11-07T19:11:34.0000000,6513.61,6513.62,35.4552126,5.57182972
2018-11-07T19:11:34.0000000,6513.61,6513.62,35.4552126,3.07182972
2018-11-07T19:11:34.0000000,6513.61,6513.62,35.4552126,5.57182972
2018-11-07T19:11:35.0000000,6513.61,6513.62,35.4462126,5.57182972
2018-11-07T19:11:35.0000000,6513.61,6513.62,35.4462126,5.57182972
2018-11-07T19:11:35.0000000,6513.61,6513.62,35.4462126,3.07182972
2018-11-07T19:11:35.0000000,6513.61,6513.62,35.4462126,5.57182972
2018-11-07T19:11:35.0000000,6513.61,6513.62,35.4462126,3.07182972
2018-11-07T19:11:35.0000000,6513.61,6513.62,35.4462126,3.53082972
2018-11-07T19:11:35.0000000,6513.61,6513.62,35.4462126,6.03082972
2018-11-07T19:11:35.0000000,6513.61,6513.62,35.4462126,3.53082972
2018-11-07T19:11:35.0000000,6513.61,6513.62,35.4462126,6.03082972
2018-11-07T19:11:35.0000000,6513.61,6513.62,35.4462126,6.01246789
2018-11-07T19:11:35.0000000,6513.61,6513.62,35.4462126,6.01246789
2018-11-07T19:11:35.0000000,6513.61,6513.62,34.4462126,6.01246789
2018-11-07T19:11:35.0000000,6513.61,6513.62,34.4462126,7.01246789
2018-11-07T19:11:35.0000000,6513.61,6513.62,34.4462126,6.01246789
2018-11-07T19:11:35.0000000,6513.61,6513.62,34.4462126,7.01246789
2018-11-07T19:11:35.0000000,6513.61,6513.62,34.4462126,6.01246789
2018-11-07T19:11:35.0000000,6513.61,6513.62,34.4462126,7.01246789
2018-11-07T19:11:35.0000000,6513.61,6513.62,35.4462126,7.01246789
2018-11-07T19:11:35.0000000,6513.61,6513.62,35.4462126,6.01246789
2018-11-07T19:11:35.0000000,6513.61,6513.62,35.4462126,3.51246789
2018-11-07T19:11:35.0000000,6513.61,6513.62,35.4462126,6.01246789
2018-11-07T19:11:35.0000000,6513.61,6513.62,35.4462126,3.51246789
2018-11-07T19:11:35.0000000,6513.61,6513.62,35.4462126,6.01246789
2018-11-07T19:11:35.0000000,6513.61,6513.62,35.4462126,3.51246789
2018-11-07T19:11:35.0000000,6513.61,6513.62,35.4462126,6.01246789
2018-11-07T19:11:35.0000000,6513.61,6513.62,35.4462126,3.51246789
2018-11-07T19:11:35.0000000,6513.61,6513.62,35.4462126,6.01246789
2018-11-07T19:11:35.0000000,6513.61,6513.62,32.9462126,6.01246789
2018-11-07T19:11:35.0000000,6513.61,6513.62,32.9462126,6.00346789
2018-11-07T19:11:35.0000000,6513.61,6513.62,31.9462126,6.00346789
2018-11-07T19:11:35.0000000,6513.61,6513.62,31.9462126,7.00346789
2018-11-07T19:11:36.0000000,6513.61,6513.62,31.9462126,8.24216917
2018-11-07T19:11:36.0000000,6513.61,6513.62,31.9462126,10.74216917
2018-11-07T19:11:37.0000000,6513.61,6513.62,31.9462126,10.73942876
2018-11-07T19:11:37.0000000,6513.61,6513.62,31.9462126,10.73942876
2018-11-07T19:11:37.0000000,6513.61,6513.62,31.9462126,10.68942876
2018-11-07T19:11:37.0000000,6513.61,6513.62,31.9462126,8.18942876
2018-11-07T19:11:37.0000000,6513.61,6513.62,31.9462126,8.16504358
2018-11-07T19:11:37.0000000,6513.61,6513.62,31.9462126,8.16504358
2018-11-07T19:11:37.0000000,6513.61,6513.62,31.9462126,7.16504358
2018-11-07T19:11:37.0000000,6513.61,6513.62,31.9462126,4.66504358
2018-11-07T19:11:37.0000000,6513.61,6513.62,31.9462126,7.16504358
2018-11-07T19:11:37.0000000,6513.61,6513.62,31.9462126,4.66504358
2018-11-07T19:11:37.0000000,6513.61,6513.62,32.9462126,4.66504358
2018-11-07T19:11:37.0000000,6513.61,6513.62,32.9462126,7.16504358
2018-11-07T19:11:38.0000000,6513.61,6513.62,32.9462126,4.66504358
2018-11-07T19:11:38.0000000,6513.61,6513.62,32.9462126,7.16504358
2018-11-07T19:11:38.0000000,6513.61,6513.62,35.4462126,7.16504358
2018-11-07T19:11:38.0000000,6513.61,6513.62,32.9462126,7.16504358
2018-11-07T19:11:38.0000000,6513.61,6513.62,32.9462126,7.21504358
2018-11-07T19:11:38.0000000,6513.61,6513.62,32.9462126,4.71504358
2018-11-07T19:11:38.0000000,6513.61,6513.62,32.9462126,7.21504358
2018-11-07T19:11:39.0000000,6513.61,6513.62,32.9462126,7.20892857
2018-11-07T19:11:39.0000000,6513.61,6513.62,32.9462126,7.20892857
2018-11-07T19:11:39.0000000,6513.61,6513.62,32.9462126,4.70892857
2018-11-07T19:11:39.0000000,6513.61,6513.62,32.9462126,7.20892857
2018-11-07T19:11:39.0000000,6513.61,6513.62,32.8362126,7.20892857
2018-11-07T19:11:39.0000000,6513.61,6513.62,32.8362126,4.70892857
2018-11-07T19:11:39.0000000,6513.61,6513.62,32.8362126,7.20892857
2018-11-07T19:11:39.0000000,6513.61,6513.62,32.8362126,4.70892857
2018-11-07T19:11:39.0000000,6513.61,6513.62,32.8362126,7.20892857
2018-11-07T19:11:39.0000000,6513.61,6513.62,32.52762024,7.20892857
2018-11-07T19:11:39.0000000,6513.61,6513.62,32.52762024,7.20892857
2018-11-07T19:11:39.0000000,6513.61,6513.62,30.52762024,7.20892857
2018-11-07T19:11:39.0000000,6513.61,6513.62,30.52762024,4.70892857
2018-11-07T19:11:39.0000000,6513.61,6513.62,29.52762024,4.70892857
2018-11-07T19:11:39.0000000,6513.61,6513.62,29.52762024,5.02892857
2018-11-07T19:11:39.0000000,6513.61,6513.62,29.52762024,7.52892857
2018-11-07T19:11:39.0000000,6513.61,6513.62,29.52762024,8.52892857
2018-11-07T19:11:39.0000000,6513.61,6513.62,29.52762024,11.02892857
2018-11-07T19:11:39.0000000,6513.61,6513.62,29.52762024,10.02892857
2018-11-07T19:11:39.0000000,6513.61,6513.62,30.52762024,10.02892857
2018-11-07T19:11:39.0000000,6513.61,6513.62,29.52762024,10.02892857
2018-11-07T19:11:39.0000000,6513.61,6513.62,29.52762024,11.02892857
2018-11-07T19:11:40.0000000,6513.61,6513.62,29.52762024,11.38892857
2018-11-07T19:11:40.0000000,6513.61,6513.62,29.52762024,8.88892857
2018-11-07T19:11:40.0000000,6513.61,6513.62,29.52762024,11.38892857
2018-11-07T19:11:41.0000000,6513.61,6513.62,29.52031175,11.38892857
2018-11-07T19:11:41.0000000,6513.61,6513.62,29.52031175,11.38892857
2018-11-07T19:11:41.0000000,6513.61,6513.62,29.51661175,11.38892857
2018-11-07T19:11:41.0000000,6513.61,6513.62,29.51661175,11.38892857
2018-11-07T19:11:41.0000000,6513.61,6513.62,29.51661175,11.02892857
2018-11-07T19:11:42.0000000,6513.61,6513.62,29.62661175,11.02892857
2018-11-07T19:11:42.0000000,6513.61,6513.62,22.12661175,11.02892857
2018-11-07T19:11:42.0000000,6513.61,6513.62,22.12661175,18.52892857
2018-11-07T19:11:43.0000000,6513.61,6513.62,22.12661175,18.44078873
2018-11-07T19:11:43.0000000,6513.61,6513.62,22.12661175,18.44078873
2018-11-07T19:11:43.0000000,6513.61,6513.62,22.12661175,18.43956512
2018-11-07T19:11:43.0000000,6513.61,6513.62,22.12661175,18.43956512
2018-11-07T19:11:43.0000000,6513.61,6513.62,22.12661175,10.93956512
2018-11-07T19:11:43.0000000,6513.61,6513.62,29.62661175,10.93956512
2018-11-07T19:11:43.0000000,6513.61,6513.62,29.62661175,8.43956512
2018-11-07T19:11:43.0000000,6513.61,6513.62,25.79961175,8.43956512
2018-11-07T19:11:43.0000000,6513.61,6513.62,25.79961175,5.93956512
2018-11-07T19:11:43.0000000,6513.61,6513.62,25.79961175,8.43956512
2018-11-07T19:11:43.0000000,6513.61,6513.62,25.79961175,8.38956512
2018-11-07T19:11:43.0000000,6513.61,6513.62,25.79961175,10.88956512
2018-11-07T19:11:44.0000000,6513.61,6513.62,25.79961175,8.38956512
2018-11-07T19:11:44.0000000,6513.61,6513.62,25.79961175,5.88956512
2018-11-07T19:11:44.0000000,6513.61,6513.62,25.79961175,8.38956512
2018-11-07T19:11:44.0000000,6513.61,6513.62,25.79961175,7.38956512
2018-11-07T19:11:44.0000000,6513.61,6513.62,26.79961175,7.38956512
2018-11-07T19:11:44.0000000,6513.61,6513.62,25.79961175,7.38956512
2018-11-07T19:11:44.0000000,6513.61,6513.62,29.62761175,7.38956512
2018-11-07T19:11:44.0000000,6513.61,6513.62,30.62761175,7.38956512
2018-11-07T19:11:44.0000000,6513.61,6513.62,30.62761175,8.38956512
2018-11-07T19:11:44.0000000,6513.61,6513.62,30.62761175,10.88956512
2018-11-07T19:11:44.0000000,6513.61,6513.62,29.62761175,10.88956512
2018-11-07T19:11:44.0000000,6513.61,6513.62,29.62761175,9.88956512
2018-11-07T19:11:44.0000000,6513.61,6513.62,29.62761175,7.38956512
2018-11-07T19:11:44.0000000,6513.61,6513.62,29.62761175,7.43956512
2018-11-07T19:11:44.0000000,6513.61,6513.62,29.62761175,8.43956512
2018-11-07T19:11:44.0000000,6513.61,6513.62,30.62761175,8.43956512
2018-11-07T19:11:44.0000000,6513.61,6513.62,30.62761175,7.43956512
2018-11-07T19:11:44.0000000,6513.61,6513.62,29.62761175,7.43956512
2018-11-07T19:11:44.0000000,6513.61,6513.62,30.62761175,7.43956512
2018-11-07T19:11:45.0000000,6513.61,6513.62,29.62761175,7.43956512
2018-11-07T19:11:45.0000000,6513.61,6513.62,30.62761175,7.43956512
2018-11-07T19:11:45.0000000,6513.61,6513.62,29.62761175,7.43956512
2018-11-07T19:11:45.0000000,6513.61,6513.62,29.62761175,8.43956512
2018-11-07T19:11:45.0000000,6513.61,6513.62,29.62761175,7.43956512
2018-11-07T19:11:45.0000000,6513.61,6513.62,30.62761175,7.43956512
2018-11-07T19:11:45.0000000,6513.61,6513.62,23.12761175,7.43956512
2018-11-07T19:11:45.0000000,6513.61,6513.62,23.12761175,14.93956512
2018-11-07T19:11:45.0000000,6513.61,6513.62,23.12761175,7.43956512
2018-11-07T19:11:45.0000000,6513.61,6513.62,22.12761175,7.43956512
2018-11-07T19:11:45.0000000,6513.61,6513.62,22.12761175,8.43956512
2018-11-07T19:11:45.0000000,6513.61,6513.62,22.12761175,10.93956512
2018-11-07T19:11:45.0000000,6513.61,6513.62,22.12761175,18.43956512
2018-11-07T19:11:45.0000000,6513.61,6513.62,22.12761175,15.93956512
2018-11-07T19:11:45.0000000,6513.61,6513.62,22.12761175,8.43956512
2018-11-07T19:11:45.0000000,6513.61,6513.62,22.12761175,10.93956512
2018-11-07T19:11:45.0000000,6513.61,6513.62,29.62761175,10.93956512
2018-11-07T19:11:46.0000000,6513.61,6513.62,29.61218213,10.93956512
2018-11-07T19:11:46.0000000,6513.61,6513.62,29.61218213,10.93956512
2018-11-07T19:11:47.0000000,6513.61,6513.62,29.61218213,8.43956512
2018-11-07T19:11:47.0000000,6513.61,6513.62,29.61218213,10.93956512
2018-11-07T19:11:47.0000000,6513.61,6513.62,29.61218213,9.93956512
2018-11-07T19:11:47.0000000,6513.61,6513.62,30.61218213,9.93956512
2018-11-07T19:11:47.0000000,6513.61,6513.62,30.61218213,10.93956512
2018-11-07T19:11:47.0000000,6513.61,6513.62,29.61218213,10.93956512
2018-11-07T19:11:47.0000000,6513.61,6513.62,29.29318213,10.93956512
2018-11-07T19:11:47.0000000,6513.61,6513.62,29.29318213,10.93956512
2018-11-07T19:11:47.0000000,6513.61,6513.62,29.29318213,10.61956512
2018-11-07T19:11:47.0000000,6513.61,6513.62,21.79318213,10.61956512
2018-11-07T19:11:47.0000000,6513.61,6513.62,21.79318213,18.11956512
2018-11-07T19:11:47.0000000,6513.61,6513.62,21.79318213,10.61956512
2018-11-07T19:11:47.0000000,6513.61,6513.62,29.29318213,10.61956512
2018-11-07T19:11:48.0000000,6513.61,6513.62,25.46518213,10.61956512
2018-11-07T19:11:48.0000000,6513.61,6513.62,25.46518213,10.61207832
2018-11-07T19:11:48.0000000,6513.61,6513.62,25.46518213,10.61207832
2018-11-07T19:11:48.0000000,6513.61,6513.62,25.35518213,10.61207832
2018-11-07T19:11:48.0000000,6513.61,6513.62,25.35518213,8.11207832
2018-11-07T19:11:48.0000000,6513.61,6513.62,25.35518213,10.61207832
2018-11-07T19:11:49.0000000,6513.61,6513.62,25.35518213,10.56207832
2018-11-07T19:11:50.0000000,6513.61,6513.62,25.35518213,10.61207832
2018-11-07T19:11:51.0000000,6513.61,6513.62,17.85518213,10.61207832
2018-11-07T19:11:51.0000000,6513.61,6513.62,17.85518213,18.11207832
2018-11-07T19:11:51.0000000,6513.61,6513.62,17.85518213,10.61207832
2018-11-07T19:11:51.0000000,6513.61,6513.62,17.85518213,10.97207832
2018-11-07T19:11:51.0000000,6513.61,6513.62,17.85518213,10.61207832
2018-11-07T19:11:51.0000000,6513.61,6513.62,25.35518213,10.61207832
2018-11-07T19:11:51.0000000,6513.61,6513.62,25.35518213,9.61207832
2018-11-07T19:11:51.0000000,6513.61,6513.62,26.35518213,9.61207832
2018-11-07T19:11:51.0000000,6513.61,6513.62,18.85518213,9.61207832
2018-11-07T19:11:51.0000000,6513.61,6513.62,18.85518213,17.11207832
2018-11-07T19:11:51.0000000,6513.61,6513.62,17.85518213,17.11207832
2018-11-07T19:11:51.0000000,6513.61,6513.62,17.85518213,18.11207832
2018-11-07T19:11:51.0000000,6513.61,6513.62,17.85518213,10.61207832
2018-11-07T19:11:51.0000000,6513.61,6513.62,25.35518213,10.61207832
2018-11-07T19:11:51.0000000,6513.61,6513.62,25.35518213,9.61207832
2018-11-07T19:11:51.0000000,6513.61,6513.62,26.35518213,9.61207832
2018-11-07T19:11:51.0000000,6513.61,6513.62,26.35518213,9.97207832
2018-11-07T19:11:51.0000000,6513.61,6513.62,18.85518213,9.97207832
2018-11-07T19:11:51.0000000,6513.61,6513.62,18.85518213,17.47207832
2018-11-07T19:11:51.0000000,6513.61,6513.62,18.85518213,17.11207832
2018-11-07T19:11:51.0000000,6513.61,6513.62,18.85518213,18.11207832
2018-11-07T19:11:51.0000000,6513.61,6513.62,17.85518213,18.11207832
2018-11-07T19:11:51.0000000,6513.61,6513.62,17.85518213,10.61207832
2018-11-07T19:11:51.0000000,6513.61,6513.62,17.85518213,10.97207832
2018-11-07T19:11:51.0000000,6513.61,6513.62,25.35518213,10.97207832
2018-11-07T19:11:51.0000000,6513.61,6513.62,25.35518213,10.61207832
2018-11-07T19:11:51.0000000,6513.61,6513.62,25.35518213,9.61207832
2018-11-07T19:11:51.0000000,6513.61,6513.62,26.35518213,9.61207832
2018-11-07T19:11:51.0000000,6513.61,6513.62,18.85518213,9.61207832
2018-11-07T19:11:51.0000000,6513.61,6513.62,18.85518213,17.11207832
2018-11-07T19:11:51.0000000,6513.61,6513.62,17.85518213,17.11207832
2018-11-07T19:11:51.0000000,6513.61,6513.62,17.85518213,9.61207832
2018-11-07T19:11:51.0000000,6513.61,6513.62,17.85518213,10.61207832
2018-11-07T19:11:51.0000000,6513.61,6513.62,25.35518213,10.61207832
2018-11-07T19:11:51.0000000,6513.61,6513.62,25.35518213,9.61207832
2018-11-07T19:11:51.0000000,6513.61,6513.62,26.35518213,9.61207832
2018-11-07T19:11:51.0000000,6513.61,6513.62,18.85518213,9.61207832
2018-11-07T19:11:51.0000000,6513.61,6513.62,17.85518213,9.61207832
2018-11-07T19:11:51.0000000,6513.61,6513.62,17.85518213,17.11207832
2018-11-07T19:11:51.0000000,6513.61,6513.62,17.85518213,18.11207832
2018-11-07T19:11:51.0000000,6513.61,6513.62,17.85518213,10.61207832
2018-11-07T19:11:51.0000000,6513.61,6513.62,25.35518213,10.61207832
2018-11-07T19:11:51.0000000,6513.61,6513.62,25.35518213,9.61207832
2018-11-07T19:11:51.0000000,6513.61,6513.62,26.35518213,9.61207832
2018-11-07T19:11:52.0000000,6513.61,6513.62,18.85518213,9.61207832
2018-11-07T19:11:52.0000000,6513.61,6513.62,18.85518213,17.11207832
2018-11-07T19:11:52.0000000,6513.61,6513.62,17.85518213,17.11207832
2018-11-07T19:11:52.0000000,6513.61,6513.62,17.85518213,18.11207832
2018-11-07T19:11:52.0000000,6513.61,6513.62,17.85518213,10.61207832
2018-11-07T19:11:52.0000000,6513.61,6513.62,25.35518213,10.61207832
2018-11-07T19:11:52.0000000,6513.61,6513.62,25.35518213,9.61207832
2018-11-07T19:11:52.0000000,6513.61,6513.62,26.35518213,9.61207832
2018-11-07T19:11:52.0000000,6513.61,6513.62,18.85518213,9.61207832
2018-11-07T19:11:52.0000000,6513.61,6513.62,18.85518213,17.11207832
2018-11-07T19:11:52.0000000,6513.61,6513.62,17.85518213,17.11207832
2018-11-07T19:11:52.0000000,6513.61,6513.62,17.85518213,18.11207832
2018-11-07T19:11:52.0000000,6513.61,6513.62,17.85518213,18.47207832
2018-11-07T19:11:52.0000000,6513.61,6513.62,17.85518213,10.97207832
2018-11-07T19:11:52.0000000,6513.61,6513.62,25.35518213,10.97207832
2018-11-07T19:11:52.0000000,6513.61,6513.62,25.35518213,9.97207832
2018-11-07T19:11:52.0000000,6513.61,6513.62,17.85518213,9.97207832
2018-11-07T19:11:52.0000000,6513.61,6513.62,17.85518213,17.47207832
2018-11-07T19:11:52.0000000,6513.61,6513.62,17.85518213,18.47207832
2018-11-07T19:11:52.0000000,6513.61,6513.62,18.85518213,18.47207832
2018-11-07T19:11:52.0000000,6513.61,6513.62,18.85518213,10.97207832
2018-11-07T19:11:52.0000000,6513.61,6513.62,26.35518213,10.97207832
2018-11-07T19:11:52.0000000,6513.61,6513.62,26.35518213,9.97207832
2018-11-07T19:11:52.0000000,6513.61,6513.62,25.35518213,9.97207832
2018-11-07T19:11:52.0000000,6513.61,6513.62,17.85518213,9.97207832
2018-11-07T19:11:52.0000000,6513.61,6513.62,17.85518213,17.47207832
2018-11-07T19:11:52.0000000,6513.61,6513.62,17.85518213,18.47207832
2018-11-07T19:11:52.0000000,6513.61,6513.62,17.85518213,10.97207832
2018-11-07T19:11:52.0000000,6513.61,6513.62,17.85518213,18.47207832
2018-11-07T19:11:52.0000000,6513.61,6513.62,25.35518213,18.47207832
2018-11-07T19:11:52.0000000,6513.61,6513.62,17.85518213,18.47207832
2018-11-07T19:11:52.0000000,6513.61,6513.62,17.85518213,10.97207832
2018-11-07T19:11:52.0000000,6513.61,6513.62,17.85518213,18.47207832
2018-11-07T19:11:52.0000000,6513.61,6513.62,25.35518213,18.47207832
2018-11-07T19:11:52.0000000,6513.61,6513.62,17.85518213,18.47207832
2018-11-07T19:11:53.0000000,6513.61,6513.62,17.85518213,10.97207832
2018-11-07T19:11:53.0000000,6513.61,6513.62,25.35518213,10.97207832
2018-11-07T19:11:53.0000000,6513.61,6513.62,17.85518213,10.97207832
2018-11-07T19:11:53.0000000,6513.61,6513.62,17.85518213,9.97207832
2018-11-07T19:11:53.0000000,6513.61,6513.62,18.85518213,9.97207832
2018-11-07T19:11:53.0000000,6513.61,6513.62,18.85518213,10.97207832
2018-11-07T19:11:53.0000000,6513.61,6513.62,17.85518213,10.97207832
2018-11-07T19:11:53.0000000,6513.61,6513.62,17.85518213,18.47207832
2018-11-07T19:11:53.0000000,6513.61,6513.62,17.85518213,10.97207832
2018-11-07T19:11:53.0000000,6513.61,6513.62,25.35518213,10.97207832
2018-11-07T19:11:53.0000000,6513.61,6513.62,25.35518213,9.97207832
2018-11-07T19:11:53.0000000,6513.61,6513.62,26.35518213,9.97207832
2018-11-07T19:11:53.0000000,6513.61,6513.62,26.347725,9.97207832
2018-11-07T19:11:53.0000000,6513.61,6513.62,26.347725,9.97207832
2018-11-07T19:11:54.0000000,6513.61,6513.62,18.847725,9.97207832
2018-11-07T19:11:54.0000000,6513.61,6513.62,18.847725,17.47207832
2018-11-07T19:11:54.0000000,6513.61,6513.62,18.847725,9.97207832
2018-11-07T19:11:54.0000000,6513.61,6513.62,17.847725,9.97207832
2018-11-07T19:11:54.0000000,6513.61,6513.62,17.847725,10.97207832
2018-11-07T19:11:54.0000000,6513.61,6513.62,25.347725,10.97207832
2018-11-07T19:11:54.0000000,6513.61,6513.62,25.347725,9.97207832
2018-11-07T19:11:54.0000000,6513.61,6513.62,26.347725,9.97207832
2018-11-07T19:11:54.0000000,6513.61,6513.62,18.847725,9.97207832
2018-11-07T19:11:54.0000000,6513.61,6513.62,18.847725,17.47207832
2018-11-07T19:11:54.0000000,6513.61,6513.62,17.847725,17.47207832
2018-11-07T19:11:54.0000000,6513.61,6513.62,17.847725,18.47207832
2018-11-07T19:11:54.0000000,6513.61,6513.62,17.847725,10.97207832
2018-11-07T19:11:54.0000000,6513.61,6513.62,25.347725,10.97207832
2018-11-07T19:11:54.0000000,6513.61,6513.62,17.847725,10.97207832
2018-11-07T19:11:54.0000000,6513.61,6513.62,17.847725,9.97207832
2018-11-07T19:11:54.0000000,6513.61,6513.62,18.847725,9.97207832
2018-11-07T19:11:54.0000000,6513.61,6513.62,26.347725,9.97207832
2018-11-07T19:11:54.0000000,6513.61,6513.62,18.847725,9.97207832
2018-11-07T19:11:54.0000000,6513.61,6513.62,18.847725,10.97207832
2018-11-07T19:11:54.0000000,6513.61,6513.62,18.847725,18.47207832
2018-11-07T19:11:54.0000000,6513.61,6513.62,18.847725,15.97207832
2018-11-07T19:11:54.0000000,6513.61,6513.62,17.847725,15.97207832
2018-11-07T19:11:54.0000000,6513.61,6513.62,17.847725,14.97207832
2018-11-07T19:11:54.0000000,6513.61,6513.62,17.847725,17.47207832
2018-11-07T19:11:54.0000000,6513.61,6513.62,17.847725,18.47207832
2018-11-07T19:11:54.0000000,6513.61,6513.62,17.847725,10.97207832
2018-11-07T19:11:54.0000000,6513.61,6513.62,25.347725,10.97207832
2018-11-07T19:11:54.0000000,6513.61,6513.62,26.347725,10.97207832
2018-11-07T19:11:54.0000000,6513.61,6513.62,26.347725,9.97207832
2018-11-07T19:11:54.0000000,6513.61,6513.62,26.347725,7.47207832
2018-11-07T19:11:54.0000000,6513.61,6513.62,18.847725,7.47207832
2018-11-07T19:11:54.0000000,6513.61,6513.62,18.847725,14.97207832
2018-11-07T19:11:54.0000000,6513.61,6513.62,18.847725,7.47207832
2018-11-07T19:11:54.0000000,6513.61,6513.62,17.847725,7.47207832
2018-11-07T19:11:54.0000000,6513.61,6513.62,17.847725,8.47207832
2018-11-07T19:11:54.0000000,6513.61,6513.62,17.847725,15.97207832
2018-11-07T19:11:54.0000000,6513.61,6513.62,17.847725,18.47207832
2018-11-07T19:11:54.0000000,6513.61,6513.62,17.847725,10.97207832
2018-11-07T19:11:54.0000000,6513.61,6513.62,25.347725,10.97207832
2018-11-07T19:11:54.0000000,6513.61,6513.62,25.347725,9.97207832
2018-11-07T19:11:54.0000000,6513.61,6513.62,26.347725,9.97207832
2018-11-07T19:11:54.0000000,6513.61,6513.62,18.847725,9.97207832
2018-11-07T19:11:54.0000000,6513.61,6513.62,17.847725,9.97207832
2018-11-07T19:11:54.0000000,6513.61,6513.62,17.847725,10.97207832
2018-11-07T19:11:54.0000000,6513.61,6513.62,17.847725,18.47207832
2018-11-07T19:11:54.0000000,6513.61,6513.62,17.847725,10.97207832
2018-11-07T19:11:54.0000000,6513.61,6513.62,25.347725,10.97207832
2018-11-07T19:11:54.0000000,6513.61,6513.62,17.847725,10.97207832
2018-11-07T19:11:54.0000000,6513.61,6513.62,17.847725,9.97207832
2018-11-07T19:11:54.0000000,6513.61,6513.62,17.847725,17.47207832
2018-11-07T19:11:54.0000000,6513.61,6513.62,18.847725,17.47207832
2018-11-07T19:11:54.0000000,6513.61,6513.62,17.847725,17.47207832
2018-11-07T19:11:54.0000000,6513.61,6513.62,17.847725,18.47207832
2018-11-07T19:11:54.0000000,6513.61,6513.62,17.847725,10.97207832
2018-11-07T19:11:55.0000000,6513.61,6513.62,25.347725,10.97207832
2018-11-07T19:11:55.0000000,6513.61,6513.62,25.347725,9.97207832
2018-11-07T19:11:55.0000000,6513.61,6513.62,26.347725,9.97207832
2018-11-07T19:11:55.0000000,6513.61,6513.62,18.847725,9.97207832
2018-11-07T19:11:55.0000000,6513.61,6513.62,18.847725,17.47207832
2018-11-07T19:11:55.0000000,6513.61,6513.62,17.847725,17.47207832
2018-11-07T19:11:55.0000000,6513.61,6513.62,17.847725,9.97207832
2018-11-07T19:11:55.0000000,6513.61,6513.62,17.847725,10.97207832
2018-11-07T19:11:55.0000000,6513.61,6513.62,25.347725,10.97207832
2018-11-07T19:11:55.0000000,6513.61,6513.62,26.347725,10.97207832
2018-11-07T19:11:55.0000000,6513.61,6513.62,26.347725,9.97207832
2018-11-07T19:11:55.0000000,6513.61,6513.62,18.847725,9.97207832
2018-11-07T19:11:55.0000000,6513.61,6513.62,17.847725,9.97207832
2018-11-07T19:11:55.0000000,6513.61,6513.62,17.847725,10.97207832
2018-11-07T19:11:55.0000000,6513.61,6513.62,25.347725,10.97207832
2018-11-07T19:11:55.0000000,6513.61,6513.62,25.347725,9.97207832
2018-11-07T19:11:55.0000000,6513.61,6513.62,26.347725,9.97207832
2018-11-07T19:11:55.0000000,6513.61,6513.62,18.847725,9.97207832
2018-11-07T19:11:55.0000000,6513.61,6513.62,17.847725,9.97207832
2018-11-07T19:11:55.0000000,6513.61,6513.62,17.847725,10.97207832
2018-11-07T19:11:55.0000000,6513.61,6513.62,25.347725,10.97207832
2018-11-07T19:11:55.0000000,6513.61,6513.62,25.347725,9.97207832
2018-11-07T19:11:55.0000000,6513.61,6513.62,26.347725,9.97207832
2018-11-07T19:11:55.0000000,6513.61,6513.62,26.347725,7.47207832
2018-11-07T19:11:55.0000000,6513.61,6513.62,26.347725,7.42207832
2018-11-07T19:11:55.0000000,6513.61,6513.62,18.847725,7.42207832
2018-11-07T19:11:55.0000000,6513.61,6513.62,18.847725,14.92207832
2018-11-07T19:11:55.0000000,6513.61,6513.62,17.847725,14.92207832
2018-11-07T19:11:55.0000000,6513.61,6513.62,17.847725,7.42207832
2018-11-07T19:11:55.0000000,6513.61,6513.62,25.347725,7.42207832
2018-11-07T19:11:55.0000000,6513.61,6513.62,17.847725,7.42207832
2018-11-07T19:11:55.0000000,6513.61,6513.62,17.847725,8.42207832
2018-11-07T19:11:55.0000000,6513.61,6513.62,17.847725,10.92207832
2018-11-07T19:11:55.0000000,6513.61,6513.62,17.847725,18.42207832
2018-11-07T19:11:55.0000000,6513.61,6513.62,17.847725,17.42207832
2018-11-07T19:11:55.0000000,6513.61,6513.62,18.847725,17.42207832
2018-11-07T19:11:55.0000000,6513.61,6513.62,18.847725,14.92207832
2018-11-07T19:11:55.0000000,6513.61,6513.62,18.847725,7.42207832
2018-11-07T19:11:55.0000000,6513.61,6513.62,18.847725,8.42207832
2018-11-07T19:11:55.0000000,6513.61,6513.62,17.847725,8.42207832
2018-11-07T19:11:55.0000000,6513.61,6513.62,25.347725,8.42207832
2018-11-07T19:11:55.0000000,6513.61,6513.62,25.347725,10.92207832
2018-11-07T19:11:55.0000000,6513.61,6513.62,25.347725,9.92207832
2018-11-07T19:11:55.0000000,6513.61,6513.62,26.347725,9.92207832
2018-11-07T19:11:55.0000000,6513.61,6513.62,26.347725,7.42207832
2018-11-07T19:11:55.0000000,6513.61,6513.62,18.847725,7.42207832
2018-11-07T19:11:55.0000000,6513.61,6513.62,18.847725,14.92207832
2018-11-07T19:11:55.0000000,6513.61,6513.62,17.847725,14.92207832
2018-11-07T19:11:56.0000000,6513.61,6513.62,17.847725,15.92207832
2018-11-07T19:11:56.0000000,6513.61,6513.62,17.847725,18.42207832
2018-11-07T19:11:56.0000000,6513.61,6513.62,17.847725,10.92207832
2018-11-07T19:11:56.0000000,6513.61,6513.62,25.347725,10.92207832
2018-11-07T19:11:56.0000000,6513.61,6513.62,25.347725,9.92207832
2018-11-07T19:11:56.0000000,6513.61,6513.62,26.347725,9.92207832
2018-11-07T19:11:56.0000000,6513.61,6513.62,26.347725,7.42207832
2018-11-07T19:11:56.0000000,6513.61,6513.62,18.847725,7.42207832
2018-11-07T19:11:56.0000000,6513.61,6513.62,18.847725,14.92207832
2018-11-07T19:11:56.0000000,6513.61,6513.62,17.847725,14.92207832
2018-11-07T19:11:56.0000000,6513.61,6513.62,17.847725,7.42207832
2018-11-07T19:11:56.0000000,6513.61,6513.62,17.847725,8.42207832
2018-11-07T19:11:56.0000000,6513.61,6513.62,17.847725,10.92207832
2018-11-07T19:11:56.0000000,6513.61,6513.62,25.347725,10.92207832
2018-11-07T19:11:56.0000000,6513.61,6513.62,25.347725,9.92207832
2018-11-07T19:11:56.0000000,6513.61,6513.62,26.347725,9.92207832
2018-11-07T19:11:56.0000000,6513.61,6513.62,26.347725,7.42207832
2018-11-07T19:11:56.0000000,6513.61,6513.62,18.847725,7.42207832
2018-11-07T19:11:56.0000000,6513.61,6513.62,18.847725,14.92207832
2018-11-07T19:11:56.0000000,6513.61,6513.62,17.847725,14.92207832
2018-11-07T19:11:56.0000000,6513.61,6513.62,17.847725,15.92207832
2018-11-07T19:11:56.0000000,6513.61,6513.62,17.847725,18.42207832
2018-11-07T19:11:56.0000000,6513.61,6513.62,17.847725,10.92207832
2018-11-07T19:11:56.0000000,6513.61,6513.62,25.347725,10.92207832
2018-11-07T19:11:56.0000000,6513.61,6513.62,25.347725,8.42207832
2018-11-07T19:11:56.0000000,6513.61,6513.62,25.347725,7.42207832
2018-11-07T19:11:56.0000000,6513.61,6513.62,26.347725,7.42207832
2018-11-07T19:11:56.0000000,6513.61,6513.62,26.347725,9.92207832
2018-11-07T19:11:56.0000000,6513.61,6513.62,26.347725,9.97207832
2018-11-07T19:11:56.0000000,6513.61,6513.62,26.347725,7.47207832
2018-11-07T19:11:56.0000000,6513.61,6513.62,18.847725,7.47207832
2018-11-07T19:11:56.0000000,6513.61,6513.62,18.847725,14.97207832
2018-11-07T19:11:56.0000000,6513.61,6513.62,17.847725,14.97207832
2018-11-07T19:11:56.0000000,6513.61,6513.62,17.847725,15.97207832
2018-11-07T19:11:56.0000000,6513.61,6513.62,17.847725,18.47207832
2018-11-07T19:11:56.0000000,6513.61,6513.62,17.847725,10.97207832
2018-11-07T19:11:56.0000000,6513.61,6513.62,17.847725,10.97062557
2018-11-07T19:11:56.0000000,6513.61,6513.62,17.847725,10.97062557
2018-11-07T19:11:57.0000000,6513.61,6513.62,25.347725,10.97062557
2018-11-07T19:11:57.0000000,6513.61,6513.62,25.347725,9.97062557
2018-11-07T19:11:57.0000000,6513.61,6513.62,26.347725,9.97062557
2018-11-07T19:11:57.0000000,6513.61,6513.62,26.347725,7.47062557
2018-11-07T19:11:57.0000000,6513.61,6513.62,18.847725,7.47062557
2018-11-07T19:11:57.0000000,6513.61,6513.62,18.847725,14.97062557
2018-11-07T19:11:57.0000000,6513.61,6513.62,17.847725,14.97062557
2018-11-07T19:11:57.0000000,6513.61,6513.62,17.847725,15.97062557
2018-11-07T19:11:57.0000000,6513.61,6513.62,17.847725,18.47062557
2018-11-07T19:11:57.0000000,6513.61,6513.62,17.847725,10.97062557
2018-11-07T19:11:57.0000000,6513.61,6513.62,25.347725,10.97062557
2018-11-07T19:11:57.0000000,6513.61,6513.62,25.347725,9.97062557
2018-11-07T19:11:57.0000000,6513.61,6513.62,26.347725,9.97062557
2018-11-07T19:11:57.0000000,6513.61,6513.62,26.347725,7.47062557
2018-11-07T19:11:58.0000000,6513.61,6513.62,26.347725,7.4692492
2018-11-07T19:11:58.0000000,6513.61,6513.62,26.347725,7.4692492
2018-11-07T19:11:59.0000000,6513.61,6513.62,18.847725,7.4692492
2018-11-07T19:11:59.0000000,6513.61,6513.62,18.847725,14.9692492
2018-11-07T19:11:59.0000000,6513.61,6513.62,18.847725,7.4692492
2018-11-07T19:11:59.0000000,6513.61,6513.62,17.847725,7.4692492
2018-11-07T19:11:59.0000000,6513.61,6513.62,25.347725,7.4692492
2018-11-07T19:11:59.0000000,6513.61,6513.62,25.347725,9.9692492
2018-11-07T19:11:59.0000000,6513.61,6513.62,25.347725,10.9692492
2018-11-07T19:11:59.0000000,6513.61,6513.62,26.347725,10.9692492
2018-11-07T19:11:59.0000000,6513.61,6513.62,26.347725,9.9692492
2018-11-07T19:11:59.0000000,6513.61,6513.62,25.347725,9.9692492
2018-11-07T19:12:00.0000000,6513.61,6513.62,17.847725,9.9692492
2018-11-07T19:12:00.0000000,6513.61,6513.62,17.847725,10.9692492
2018-11-07T19:12:00.0000000,6513.61,6513.62,17.847725,18.4692492
2018-11-07T19:12:00.0000000,6513.61,6513.62,17.847725,10.9692492
2018-11-07T19:12:00.0000000,6513.61,6513.62,25.347725,10.9692492
2018-11-07T19:12:00.0000000,6513.61,6513.62,25.347725,10.96161117
2018-11-07T19:12:00.0000000,6513.61,6513.62,25.347725,10.96161117
2018-11-07T19:12:00.0000000,6513.61,6513.62,25.347725,9.96161117
2018-11-07T19:12:00.0000000,6513.61,6513.62,26.347725,9.96161117
2018-11-07T19:12:00.0000000,6513.61,6513.62,26.457725,9.96161117
2018-11-07T19:12:00.0000000,6513.61,6513.62,26.457725,9.60161117
2018-11-07T19:12:01.0000000,6513.61,6513.62,26.457725,7.10161117
2018-11-07T19:12:01.0000000,6513.61,6513.62,18.957725,7.10161117
2018-11-07T19:12:01.0000000,6513.61,6513.62,18.957725,14.60161117
2018-11-07T19:12:01.0000000,6513.61,6513.62,18.957725,7.10161117
2018-11-07T19:12:01.0000000,6513.61,6513.62,17.957725,7.10161117
2018-11-07T19:12:01.0000000,6513.61,6513.62,17.957725,8.10161117
2018-11-07T19:12:01.0000000,6513.61,6513.62,25.457725,8.10161117
2018-11-07T19:12:01.0000000,6513.61,6513.62,25.457725,7.10161117
2018-11-07T19:12:01.0000000,6513.61,6513.62,26.457725,7.10161117
2018-11-07T19:12:01.0000000,6513.61,6513.62,26.454025,7.10161117
2018-11-07T19:12:01.0000000,6513.61,6513.62,26.454025,7.10161117
2018-11-07T19:12:01.0000000,6513.61,6513.62,28.954025,7.10161117
2018-11-07T19:12:01.0000000,6513.61,6513.62,28.954025,4.60161117
2018-11-07T19:12:01.0000000,6513.61,6513.62,26.454025,4.60161117
2018-11-07T19:12:01.0000000,6513.61,6513.62,26.454025,7.10161117
2018-11-07T19:12:01.0000000,6513.61,6513.62,27.107125,7.10161117
2018-11-07T19:12:01.0000000,6513.61,6513.62,29.607125,7.10161117
2018-11-07T19:12:01.0000000,6513.61,6513.62,29.607125,4.60161117
2018-11-07T19:12:01.0000000,6513.61,6513.62,27.107125,4.60161117
2018-11-07T19:12:01.0000000,6513.61,6513.62,27.107125,7.10161117
2018-11-07T19:12:01.0000000,6513.61,6513.62,27.107125,4.60161117
2018-11-07T19:12:01.0000000,6513.61,6513.62,26.454025,4.60161117
2018-11-07T19:12:01.0000000,6513.61,6513.62,26.454025,7.10161117
2018-11-07T19:12:01.0000000,6513.61,6513.62,26.454025,7.05161117
2018-11-07T19:12:01.0000000,6513.61,6513.62,28.954025,7.05161117
2018-11-07T19:12:01.0000000,6513.61,6513.62,29.607125,7.05161117
2018-11-07T19:12:01.0000000,6513.61,6513.62,27.107125,7.05161117
2018-11-07T19:12:01.0000000,6513.61,6513.62,27.107125,4.55161117
2018-11-07T19:12:01.0000000,6513.61,6513.62,27.107125,7.05161117
2018-11-07T19:12:01.0000000,6513.61,6513.62,27.107125,4.55161117
2018-11-07T19:12:01.0000000,6513.61,6513.62,29.607125,4.55161117
2018-11-07T19:12:01.0000000,6513.61,6513.62,29.607125,7.05161117
2018-11-07T19:12:01.0000000,6513.61,6513.62,27.107125,7.05161117
2018-11-07T19:12:01.0000000,6513.61,6513.62,27.107125,4.55161117
2018-11-07T19:12:01.0000000,6513.61,6513.62,29.607125,4.55161117
2018-11-07T19:12:01.0000000,6513.61,6513.62,29.607125,7.05161117
2018-11-07T19:12:01.0000000,6513.61,6513.62,29.607125,4.55161117
2018-11-07T19:12:01.0000000,6513.61,6513.62,27.107125,4.55161117
2018-11-07T19:12:01.0000000,6513.61,6513.62,27.107125,7.05161117
2018-11-07T19:12:01.0000000,6513.61,6513.62,26.454025,7.05161117
2018-11-07T19:12:01.0000000,6513.61,6513.62,26.454025,9.55161117
2018-11-07T19:12:02.0000000,6513.61,6513.62,26.454025,9.54427713
2018-11-07T19:12:02.0000000,6513.61,6513.62,26.454025,9.54427713
2018-11-07T19:12:02.0000000,6513.61,6513.62,26.454025,7.04427713
2018-11-07T19:12:02.0000000,6513.61,6513.62,27.107125,7.04427713
2018-11-07T19:12:02.0000000,6513.61,6513.62,26.454025,7.04427713
2018-11-07T19:12:02.0000000,6513.61,6513.62,26.454025,7.09427713
2018-11-07T19:12:02.0000000,6513.61,6513.62,28.954025,7.09427713
2018-11-07T19:12:04.0000000,6513.61,6513.62,28.954025,4.59427713
2018-11-07T19:12:04.0000000,6513.61,6513.62,28.954025,7.09427713
2018-11-07T19:12:04.0000000,6513.61,6513.62,28.954025,4.59427713
2018-11-07T19:12:04.0000000,6513.61,6513.62,28.954025,7.09427713
2018-11-07T19:12:04.0000000,6513.61,6513.62,28.954025,4.59427713
2018-11-07T19:12:04.0000000,6513.61,6513.62,28.954025,7.09427713
2018-11-07T19:12:04.0000000,6513.61,6513.62,28.954025,4.59427713
2018-11-07T19:12:04.0000000,6513.61,6513.62,28.954025,7.09427713
2018-11-07T19:12:04.0000000,6513.61,6513.62,28.954025,4.59427713
2018-11-07T19:12:04.0000000,6513.61,6513.62,28.954025,7.09427713
2018-11-07T19:12:04.0000000,6513.61,6513.62,28.954025,4.59427713
2018-11-07T19:12:04.0000000,6513.61,6513.62,28.954025,7.09427713
2018-11-07T19:12:04.0000000,6513.61,6513.62,28.954025,4.59427713
2018-11-07T19:12:04.0000000,6513.61,6513.62,28.954025,7.09427713
2018-11-07T19:12:05.0000000,6513.61,6513.62,28.954025,7.04523027
2018-11-07T19:12:05.0000000,6513.61,6513.62,28.954025,7.04523027
2018-11-07T19:12:05.0000000,6513.61,6513.62,28.954025,4.54523027
2018-11-07T19:12:05.0000000,6513.61,6513.62,28.954025,7.04523027
2018-11-07T19:12:05.0000000,6513.61,6513.62,28.954025,4.54523027
2018-11-07T19:12:05.0000000,6513.61,6513.62,28.954025,7.04523027
2018-11-07T19:12:05.0000000,6513.61,6513.62,28.954025,4.54523027
2018-11-07T19:12:05.0000000,6513.61,6513.62,28.954025,7.04523027
2018-11-07T19:12:05.0000000,6513.61,6513.62,28.954025,4.54523027
2018-11-07T19:12:05.0000000,6513.61,6513.62,28.954025,7.04523027
2018-11-07T19:12:05.0000000,6513.61,6513.62,28.954025,4.54523027
2018-11-07T19:12:05.0000000,6513.61,6513.62,28.954025,7.04523027
2018-11-07T19:12:05.0000000,6513.61,6513.62,28.954025,4.54523027
2018-11-07T19:12:05.0000000,6513.61,6513.62,28.954025,7.04523027
2018-11-07T19:12:05.0000000,6513.61,6513.62,28.954025,4.54523027
2018-11-07T19:12:05.0000000,6513.61,6513.62,28.954025,7.04523027
2018-11-07T19:12:05.0000000,6513.61,6513.62,28.954025,4.54523027
2018-11-07T19:12:05.0000000,6513.61,6513.62,28.954025,7.04523027
2018-11-07T19:12:05.0000000,6513.61,6513.62,28.954025,4.54523027
2018-11-07T19:12:05.0000000,6513.61,6513.62,28.954025,7.04523027
2018-11-07T19:12:05.0000000,6513.61,6513.62,28.954025,4.54523027
2018-11-07T19:12:05.0000000,6513.61,6513.62,28.954025,7.04523027
2018-11-07T19:12:05.0000000,6513.61,6513.62,28.954025,4.54523027
2018-11-07T19:12:05.0000000,6513.61,6513.62,28.954025,7.04523027
2018-11-07T19:12:05.0000000,6513.61,6513.62,28.954025,4.54523027
2018-11-07T19:12:05.0000000,6513.61,6513.62,28.954025,7.04523027
2018-11-07T19:12:05.0000000,6513.61,6513.62,28.954025,4.54523027
2018-11-07T19:12:05.0000000,6513.61,6513.62,28.954025,7.04523027
2018-11-07T19:12:05.0000000,6513.61,6513.62,28.954025,4.54523027
2018-11-07T19:12:05.0000000,6513.61,6513.62,28.954025,7.04523027
2018-11-07T19:12:05.0000000,6513.61,6513.62,28.954025,4.54523027
2018-11-07T19:12:05.0000000,6513.61,6513.62,28.954025,7.04523027
2018-11-07T19:12:05.0000000,6513.61,6513.62,28.954025,4.54523027
2018-11-07T19:12:06.0000000,6513.61,6513.62,28.954025,7.04523027
2018-11-07T19:12:06.0000000,6513.61,6513.62,28.954025,4.54523027
2018-11-07T19:12:06.0000000,6513.61,6513.62,28.954025,7.04523027
2018-11-07T19:12:06.0000000,6513.61,6513.62,28.954025,4.54523027
2018-11-07T19:12:06.0000000,6513.61,6513.62,28.954025,7.04523027
2018-11-07T19:12:06.0000000,6513.61,6513.62,28.954025,4.54523027
2018-11-07T19:12:06.0000000,6513.61,6513.62,28.954025,7.04523027
2018-11-07T19:12:06.0000000,6513.61,6513.62,28.954025,4.54523027
2018-11-07T19:12:06.0000000,6513.61,6513.62,30.954025,4.54523027
2018-11-07T19:12:06.0000000,6513.61,6513.62,30.954025,7.04523027
2018-11-07T19:12:06.0000000,6513.61,6513.62,30.954025,4.54523027
2018-11-07T19:12:06.0000000,6513.61,6513.62,30.954025,7.04523027
2018-11-07T19:12:06.0000000,6513.61,6513.62,30.954025,4.54523027
2018-11-07T19:12:06.0000000,6513.61,6513.62,30.954025,7.04523027
2018-11-07T19:12:06.0000000,6513.61,6513.62,30.954025,4.54523027
2018-11-07T19:12:06.0000000,6513.61,6513.62,30.954025,7.04523027
2018-11-07T19:12:06.0000000,6513.61,6513.62,30.954025,4.54523027
2018-11-07T19:12:06.0000000,6513.61,6513.62,30.954025,7.04523027
2018-11-07T19:12:06.0000000,6513.61,6513.62,30.954025,4.54523027
2018-11-07T19:12:06.0000000,6513.61,6513.62,30.954025,7.04523027
2018-11-07T19:12:06.0000000,6513.61,6513.62,30.954025,4.54523027
2018-11-07T19:12:06.0000000,6513.61,6513.62,30.954025,7.04523027
2018-11-07T19:12:06.0000000,6513.61,6513.62,30.954025,4.54523027
2018-11-07T19:12:06.0000000,6513.61,6513.62,30.954025,7.04523027
2018-11-07T19:12:06.0000000,6513.61,6513.62,30.954025,4.54523027
2018-11-07T19:12:06.0000000,6513.61,6513.62,30.954025,7.04523027
2018-11-07T19:12:06.0000000,6513.61,6513.62,30.954025,4.54523027
2018-11-07T19:12:06.0000000,6513.61,6513.62,30.954025,7.04523027
2018-11-07T19:12:06.0000000,6513.61,6513.62,30.954025,4.54523027
2018-11-07T19:12:06.0000000,6513.61,6513.62,30.954025,7.04523027
2018-11-07T19:12:06.0000000,6513.61,6513.62,30.954025,4.54523027
2018-11-07T19:12:07.0000000,6513.61,6513.62,30.954025,4.5438539
2018-11-07T19:12:07.0000000,6513.61,6513.62,30.954025,4.5438539
2018-11-07T19:12:07.0000000,6513.61,6513.62,30.954025,7.0438539
2018-11-07T19:12:07.0000000,6513.61,6513.62,30.954025,4.5438539
2018-11-07T19:12:07.0000000,6513.61,6513.62,30.954025,7.0438539
2018-11-07T19:12:07.0000000,6513.61,6513.62,30.954025,4.5438539
2018-11-07T19:12:07.0000000,6513.61,6513.62,30.954025,4.4938539
2018-11-07T19:12:07.0000000,6513.61,6513.62,30.954025,6.9938539
2018-11-07T19:12:07.0000000,6513.61,6513.62,30.954025,4.4938539
2018-11-07T19:12:07.0000000,6513.61,6513.62,30.954025,6.9938539
2018-11-07T19:12:07.0000000,6513.61,6513.62,30.954025,4.4938539
2018-11-07T19:12:07.0000000,6513.61,6513.62,30.954025,6.9938539
2018-11-07T19:12:07.0000000,6513.61,6513.62,30.954025,4.4938539
2018-11-07T19:12:07.0000000,6513.61,6513.62,30.954025,6.9938539
2018-11-07T19:12:07.0000000,6513.61,6513.62,30.954025,4.4938539
2018-11-07T19:12:07.0000000,6513.61,6513.62,30.954025,6.9938539
2018-11-07T19:12:07.0000000,6513.61,6513.62,30.954025,4.4938539
2018-11-07T19:12:07.0000000,6513.61,6513.62,28.454025,4.4938539
2018-11-07T19:12:07.0000000,6513.61,6513.62,28.454025,6.9938539
2018-11-07T19:12:07.0000000,6513.61,6513.62,28.454025,4.4938539
2018-11-07T19:12:07.0000000,6513.61,6513.62,30.954025,4.4938539
2018-11-07T19:12:07.0000000,6513.61,6513.62,28.454025,4.4938539
2018-11-07T19:12:07.0000000,6513.61,6513.62,28.454025,6.9938539
2018-11-07T19:12:07.0000000,6513.61,6513.62,28.454025,4.4938539
2018-11-07T19:12:07.0000000,6513.61,6513.62,30.954025,4.4938539
2018-11-07T19:12:07.0000000,6513.61,6513.62,30.954025,6.9938539
2018-11-07T19:12:07.0000000,6513.61,6513.62,30.954025,4.4938539
2018-11-07T19:12:07.0000000,6513.61,6513.62,28.454025,4.4938539
2018-11-07T19:12:07.0000000,6513.61,6513.62,30.954025,4.4938539
2018-11-07T19:12:07.0000000,6513.61,6513.62,30.954025,6.9938539
2018-11-07T19:12:07.0000000,6513.61,6513.62,30.954025,4.4938539
2018-11-07T19:12:07.0000000,6513.61,6513.62,30.954025,6.9938539
2018-11-07T19:12:07.0000000,6513.61,6513.62,30.954025,4.4938539
2018-11-07T19:12:07.0000000,6513.61,6513.62,30.954025,6.9938539
2018-11-07T19:12:07.0000000,6513.61,6513.62,30.954025,4.4938539
2018-11-07T19:12:07.0000000,6513.61,6513.62,30.954025,6.9938539
2018-11-07T19:12:07.0000000,6513.61,6513.62,30.954025,4.4938539
2018-11-07T19:12:07.0000000,6513.61,6513.62,30.954025,6.9938539
2018-11-07T19:12:07.0000000,6513.61,6513.62,30.954025,4.4938539
2018-11-07T19:12:08.0000000,6513.61,6513.62,30.954025,4.5438539
2018-11-07T19:12:08.0000000,6513.61,6513.62,30.954025,7.0438539
2018-11-07T19:12:08.0000000,6513.61,6513.62,30.954025,4.5438539
2018-11-07T19:12:08.0000000,6513.61,6513.62,30.954025,7.0438539
2018-11-07T19:12:08.0000000,6513.61,6513.62,30.954025,4.5438539
2018-11-07T19:12:08.0000000,6513.61,6513.62,30.954025,7.0438539
2018-11-07T19:12:08.0000000,6513.61,6513.62,30.954025,4.5438539
2018-11-07T19:12:08.0000000,6513.61,6513.62,30.954025,7.0438539
2018-11-07T19:12:08.0000000,6513.61,6513.62,30.954025,4.5438539
2018-11-07T19:12:08.0000000,6513.61,6513.62,30.954025,7.0438539
2018-11-07T19:12:08.0000000,6513.61,6513.62,30.954025,4.5438539
2018-11-07T19:12:08.0000000,6513.61,6513.62,30.954025,7.0438539
2018-11-07T19:12:08.0000000,6513.61,6513.62,30.954025,4.5438539
2018-11-07T19:12:08.0000000,6513.61,6513.62,30.954025,7.0438539
2018-11-07T19:12:08.0000000,6513.61,6513.62,30.954025,4.5438539
2018-11-07T19:12:08.0000000,6513.61,6513.62,30.954025,7.0438539
2018-11-07T19:12:08.0000000,6513.61,6513.62,30.954025,4.5438539
2018-11-07T19:12:09.0000000,6513.61,6513.62,30.954025,7.0438539
2018-11-07T19:12:09.0000000,6513.61,6513.62,30.954025,4.5438539
2018-11-07T19:12:09.0000000,6513.61,6513.62,30.954025,7.0438539
2018-11-07T19:12:09.0000000,6513.61,6513.62,30.954025,4.5438539
2018-11-07T19:12:09.0000000,6513.61,6513.62,30.954025,7.0438539
2018-11-07T19:12:09.0000000,6513.61,6513.62,30.954025,4.5438539
2018-11-07T19:12:09.0000000,6513.61,6513.62,30.954025,7.0438539
2018-11-07T19:12:09.0000000,6513.61,6513.62,30.954025,4.5438539
2018-11-07T19:12:09.0000000,6513.61,6513.62,30.954025,7.0438539
2018-11-07T19:12:09.0000000,6513.61,6513.62,30.954025,4.5438539
2018-11-07T19:12:09.0000000,6513.61,6513.62,30.954025,7.0438539
2018-11-07T19:12:09.0000000,6513.61,6513.62,30.954025,4.5438539
2018-11-07T19:12:09.0000000,6513.61,6513.62,30.954025,7.0438539
2018-11-07T19:12:09.0000000,6513.61,6513.62,30.954025,4.5438539
2018-11-07T19:12:09.0000000,6513.61,6513.62,28.454025,4.5438539
2018-11-07T19:12:09.0000000,6513.61,6513.62,28.454025,7.0438539
2018-11-07T19:12:09.0000000,6513.61,6513.62,28.454025,4.5438539
2018-11-07T19:12:09.0000000,6513.61,6513.62,28.454025,7.0438539
2018-11-07T19:12:09.0000000,6513.61,6513.62,28.454025,9.5438539
2018-11-07T19:12:09.0000000,6513.61,6513.62,28.454025,7.0438539
2018-11-07T19:12:09.0000000,6513.61,6513.62,28.454025,4.5438539
2018-11-07T19:12:09.0000000,6513.61,6513.62,28.454025,7.0438539
2018-11-07T19:12:10.0000000,6513.61,6513.62,28.454025,4.5438539
2018-11-07T19:12:10.0000000,6513.61,6513.62,28.454025,7.0438539
2018-11-07T19:12:10.0000000,6513.61,6513.62,28.454025,9.5438539
2018-11-07T19:12:10.0000000,6513.61,6513.62,28.454025,7.0438539
2018-11-07T19:12:10.0000000,6513.61,6513.62,28.454025,4.5438539
2018-11-07T19:12:10.0000000,6513.61,6513.62,28.454025,7.0438539
2018-11-07T19:12:10.0000000,6513.61,6513.62,28.454025,9.5438539
2018-11-07T19:12:10.0000000,6513.61,6513.62,28.454025,7.0438539
2018-11-07T19:12:10.0000000,6513.61,6513.62,28.454025,9.5438539
2018-11-07T19:12:10.0000000,6513.61,6513.62,28.454025,7.0438539
2018-11-07T19:12:10.0000000,6513.61,6513.62,28.454025,9.5438539
2018-11-07T19:12:10.0000000,6513.61,6513.62,28.454025,7.0438539
2018-11-07T19:12:10.0000000,6513.61,6513.62,28.454025,9.5438539
2018-11-07T19:12:10.0000000,6513.61,6513.62,28.454025,7.0438539
2018-11-07T19:12:10.0000000,6513.61,6513.62,28.454025,9.5438539
2018-11-07T19:12:10.0000000,6513.61,6513.62,28.454025,7.0438539
2018-11-07T19:12:10.0000000,6513.61,6513.62,28.454025,9.5438539
2018-11-07T19:12:10.0000000,6513.61,6513.62,28.344025,9.5438539
2018-11-07T19:12:10.0000000,6513.61,6513.62,28.344025,7.0438539
2018-11-07T19:12:10.0000000,6513.61,6513.62,28.454025,7.0438539
2018-11-07T19:12:10.0000000,6513.61,6513.62,28.454025,9.5438539
2018-11-07T19:12:10.0000000,6513.61,6513.62,28.454025,7.0438539
2018-11-07T19:12:10.0000000,6513.61,6513.62,28.454025,9.5438539
2018-11-07T19:12:10.0000000,6513.61,6513.62,28.454025,7.0438539
2018-11-07T19:12:10.0000000,6513.61,6513.62,28.454025,9.5438539
2018-11-07T19:12:10.0000000,6513.61,6513.62,28.454025,7.0438539
2018-11-07T19:12:10.0000000,6513.61,6513.62,28.454025,9.5438539
2018-11-07T19:12:10.0000000,6513.61,6513.62,28.454025,7.0438539
2018-11-07T19:12:10.0000000,6513.61,6513.62,28.454025,9.5438539
2018-11-07T19:12:10.0000000,6513.61,6513.62,28.454025,7.0438539
2018-11-07T19:12:10.0000000,6513.61,6513.62,28.454025,9.5438539
2018-11-07T19:12:10.0000000,6513.61,6513.62,28.454025,7.0438539
2018-11-07T19:12:11.0000000,6513.61,6513.62,28.454025,9.5438539
2018-11-07T19:12:11.0000000,6513.61,6513.62,28.454025,7.0438539
2018-11-07T19:12:11.0000000,6513.61,6513.62,28.454025,9.5438539
2018-11-07T19:12:11.0000000,6513.61,6513.62,28.454025,7.0438539
2018-11-07T19:12:11.0000000,6513.61,6513.62,28.454025,6.5848539
2018-11-07T19:12:11.0000000,6513.61,6513.62,28.454025,9.0848539
2018-11-07T19:12:11.0000000,6513.61,6513.62,28.454025,6.5848539
2018-11-07T19:12:11.0000000,6513.61,6513.62,28.454025,9.0848539
2018-11-07T19:12:11.0000000,6513.61,6513.62,28.454025,6.5848539
2018-11-07T19:12:11.0000000,6513.61,6513.62,28.454025,9.0848539
2018-11-07T19:12:11.0000000,6513.61,6513.62,28.454025,6.5848539
2018-11-07T19:12:11.0000000,6513.61,6513.62,28.454025,9.0848539
2018-11-07T19:12:11.0000000,6513.61,6513.62,28.454025,6.5848539
2018-11-07T19:12:11.0000000,6513.61,6513.62,28.454025,9.0848539
2018-11-07T19:12:11.0000000,6513.61,6513.62,28.454025,6.5848539
2018-11-07T19:12:11.0000000,6513.61,6513.62,28.454025,9.0848539
2018-11-07T19:12:11.0000000,6513.61,6513.62,28.454025,6.5848539
2018-11-07T19:12:11.0000000,6513.61,6513.62,28.454025,9.0848539
2018-11-07T19:12:11.0000000,6513.61,6513.62,28.454025,6.5848539
2018-11-07T19:12:11.0000000,6513.61,6513.62,28.454025,9.0848539
2018-11-07T19:12:11.0000000,6513.61,6513.62,28.454025,6.5848539
2018-11-07T19:12:11.0000000,6513.61,6513.62,28.454025,9.0848539
2018-11-07T19:12:11.0000000,6513.61,6513.62,28.454025,6.5848539
2018-11-07T19:12:11.0000000,6513.61,6513.62,28.454025,9.0848539
2018-11-07T19:12:11.0000000,6513.61,6513.62,28.454025,6.5848539
2018-11-07T19:12:11.0000000,6513.61,6513.62,28.454025,9.0848539
2018-11-07T19:12:11.0000000,6513.61,6513.62,28.454025,6.5848539
2018-11-07T19:12:11.0000000,6513.61,6513.62,28.344025,6.5848539
2018-11-07T19:12:11.0000000,6513.61,6513.62,28.344025,6.9448539
2018-11-07T19:12:13.0000000,6513.61,6513.62,28.32770087,6.9448539
2018-11-07T19:12:13.0000000,6513.61,6513.62,28.32770087,6.9448539
2018-11-07T19:12:13.0000000,6513.61,6513.62,28.32770087,6.8948539
2018-11-07T19:12:14.0000000,6513.61,6513.62,27.97937087,6.8948539
2018-11-07T19:12:14.0000000,6513.61,6513.62,27.97937087,6.8948539
2018-11-07T19:12:14.0000000,6513.61,6513.62,27.97937087,6.9448539
2018-11-07T19:12:15.0000000,6513.61,6513.62,27.97937087,6.5848539
2018-11-07T19:12:15.0000000,6513.61,6513.62,27.97937087,6.9448539
2018-11-07T19:12:15.0000000,6513.61,6513.62,27.97937087,6.94340115
2018-11-07T19:12:15.0000000,6513.61,6513.62,27.97937087,6.94340115
2018-11-07T19:12:15.0000000,6513.61,6513.62,27.97937087,9.44340115
2018-11-07T19:12:15.0000000,6513.61,6513.62,27.97937087,6.94340115
2018-11-07T19:12:16.0000000,6513.61,6513.62,27.97937087,9.44340115
2018-11-07T19:12:16.0000000,6513.61,6513.62,27.97937087,6.94340115
2018-11-07T19:12:16.0000000,6513.61,6513.62,27.97937087,9.44340115
2018-11-07T19:12:16.0000000,6513.61,6513.62,27.97937087,6.94340115
2018-11-07T19:12:16.0000000,6513.61,6513.62,27.97937087,9.44340115
2018-11-07T19:12:16.0000000,6513.61,6513.62,27.97937087,6.94340115
2018-11-07T19:12:16.0000000,6513.61,6513.62,27.97937087,9.44340115
2018-11-07T19:12:16.0000000,6513.61,6513.62,27.97937087,6.94340115
2018-11-07T19:12:16.0000000,6513.61,6513.62,27.97937087,9.44340115
2018-11-07T19:12:16.0000000,6513.61,6513.62,27.97937087,6.94340115
2018-11-07T19:12:16.0000000,6513.61,6513.62,27.97937087,9.44340115
2018-11-07T19:12:16.0000000,6513.61,6513.62,27.97937087,6.94340115
2018-11-07T19:12:16.0000000,6513.61,6513.62,27.97937087,9.44340115
2018-11-07T19:12:16.0000000,6513.61,6513.62,27.97937087,6.94340115
2018-11-07T19:12:16.0000000,6513.61,6513.62,27.97937087,9.44340115
2018-11-07T19:12:16.0000000,6513.61,6513.62,27.97937087,6.94340115
2018-11-07T19:12:16.0000000,6513.61,6513.62,27.97937087,9.44340115
2018-11-07T19:12:16.0000000,6513.61,6513.62,27.97937087,6.94340115
2018-11-07T19:12:16.0000000,6513.61,6513.62,27.97937087,9.44340115
2018-11-07T19:12:16.0000000,6513.61,6513.62,27.97937087,6.94340115
2018-11-07T19:12:16.0000000,6513.61,6513.62,27.97937087,9.44340115
2018-11-07T19:12:16.0000000,6513.61,6513.62,27.97937087,6.94340115
2018-11-07T19:12:16.0000000,6513.61,6513.62,27.97937087,9.44340115
2018-11-07T19:12:16.0000000,6513.61,6513.62,27.97937087,6.94340115
2018-11-07T19:12:16.0000000,6513.61,6513.62,27.97937087,9.44340115
2018-11-07T19:12:16.0000000,6513.61,6513.62,27.97937087,6.94340115
2018-11-07T19:12:17.0000000,6513.61,6513.62,27.97937087,9.44340115
2018-11-07T19:12:17.0000000,6513.61,6513.62,27.97937087,6.94340115
2018-11-07T19:12:17.0000000,6513.61,6513.62,27.97937087,9.44340115
2018-11-07T19:12:17.0000000,6513.61,6513.62,27.97937087,6.94340115
2018-11-07T19:12:17.0000000,6513.61,6513.62,27.97937087,9.44340115
2018-11-07T19:12:17.0000000,6513.61,6513.62,27.97937087,6.94340115
2018-11-07T19:12:17.0000000,6513.61,6513.62,27.97937087,9.44340115
2018-11-07T19:12:17.0000000,6513.61,6513.62,27.97937087,6.94340115
2018-11-07T19:12:18.0000000,6513.61,6513.62,27.97937087,9.44340115
2018-11-07T19:12:18.0000000,6513.61,6513.62,27.97937087,6.94340115
2018-11-07T19:12:18.0000000,6513.61,6513.62,27.97937087,9.44340115
2018-11-07T19:12:18.0000000,6513.61,6513.62,27.97937087,6.94340115
2018-11-07T19:12:18.0000000,6513.61,6513.62,27.97937087,9.44340115
2018-11-07T19:12:18.0000000,6513.61,6513.62,27.97937087,6.94340115
2018-11-07T19:12:18.0000000,6513.61,6513.62,27.97937087,9.44340115
2018-11-07T19:12:18.0000000,6513.61,6513.62,27.97937087,6.94340115
2018-11-07T19:12:18.0000000,6513.61,6513.62,27.97937087,9.44340115
2018-11-07T19:12:18.0000000,6513.61,6513.62,27.97937087,6.94340115
2018-11-07T19:12:18.0000000,6513.61,6513.62,27.97937087,9.44340115
2018-11-07T19:12:18.0000000,6513.61,6513.62,27.97937087,6.94340115
2018-11-07T19:12:18.0000000,6513.61,6513.62,27.97937087,9.44340115
2018-11-07T19:12:18.0000000,6513.61,6513.62,27.97937087,6.94340115
2018-11-07T19:12:19.0000000,6513.61,6513.62,27.97937087,9.44340115
2018-11-07T19:12:19.0000000,6513.61,6513.62,27.97937087,6.94340115
2018-11-07T19:12:19.0000000,6513.61,6513.62,27.97937087,6.89340115
2018-11-07T19:12:19.0000000,6513.61,6513.62,31.80737087,6.89340115
2018-11-07T19:12:21.0000000,6513.61,6513.62,31.80737087,6.94340115
2018-11-07T19:12:21.0000000,6513.61,6513.62,31.80367087,6.94340115
2018-11-07T19:12:21.0000000,6513.61,6513.62,31.80367087,6.94340115
2018-11-07T19:12:22.0000000,6513.61,6513.62,31.80367087,6.92871169
2018-11-07T19:12:22.0000000,6513.61,6513.62,31.80367087,6.92871169
2018-11-07T19:12:23.0000000,6513.61,6513.62,31.80367087,6.92971169
2018-11-07T19:12:24.0000000,6513.61,6513.62,31.75583905,6.92971169
2018-11-07T19:12:24.0000000,6513.61,6513.62,31.75583905,6.92971169
2018-11-07T19:12:24.0000000,6513.61,6513.62,31.75583905,9.42971169
2018-11-07T19:12:24.0000000,6513.61,6513.62,31.75583905,6.92971169
2018-11-07T19:12:24.0000000,6513.61,6513.62,30.75583905,6.92971169
2018-11-07T19:12:24.0000000,6513.61,6513.62,30.75583905,9.42971169
2018-11-07T19:12:24.0000000,6513.61,6513.62,30.75583905,6.92971169
2018-11-07T19:12:24.0000000,6513.61,6513.62,31.75583905,6.92971169
2018-11-07T19:12:24.0000000,6513.61,6513.62,31.75583905,9.42971169
2018-11-07T19:12:24.0000000,6513.61,6513.62,31.75583905,10.42971169
2018-11-07T19:12:24.0000000,6513.61,6513.62,31.75583905,7.92971169
2018-11-07T19:12:24.0000000,6513.61,6513.62,30.75583905,7.92971169
2018-11-07T19:12:24.0000000,6513.61,6513.62,30.75583905,6.92971169
2018-11-07T19:12:24.0000000,6513.61,6513.62,30.75583905,9.42971169
2018-11-07T19:12:24.0000000,6513.61,6513.62,30.75583905,6.92971169
2018-11-07T19:12:24.0000000,6513.61,6513.62,31.75583905,6.92971169
2018-11-07T19:12:24.0000000,6513.61,6513.62,31.75583905,9.42971169
2018-11-07T19:12:24.0000000,6513.61,6513.62,31.75583905,6.92971169
2018-11-07T19:12:24.0000000,6513.61,6513.62,31.75583905,7.92971169
2018-11-07T19:12:24.0000000,6513.61,6513.62,30.75583905,7.92971169
2018-11-07T19:12:24.0000000,6513.61,6513.62,30.75583905,6.92971169
2018-11-07T19:12:24.0000000,6513.61,6513.62,30.75583905,9.42971169
2018-11-07T19:12:24.0000000,6513.61,6513.62,31.75583905,9.42971169
2018-11-07T19:12:24.0000000,6513.61,6513.62,31.75583905,6.92971169
2018-11-07T19:12:24.0000000,6513.61,6513.62,31.75583905,9.42971169
2018-11-07T19:12:24.0000000,6513.61,6513.62,31.75583905,6.92971169
2018-11-07T19:12:24.0000000,6513.61,6513.62,31.75583905,9.42971169
2018-11-07T19:12:24.0000000,6513.61,6513.62,31.75583905,6.92971169
2018-11-07T19:12:24.0000000,6513.61,6513.62,31.75583905,9.42971169
2018-11-07T19:12:24.0000000,6513.61,6513.62,31.75583905,6.92971169
2018-11-07T19:12:25.0000000,6513.61,6513.62,31.75583905,9.42971169
2018-11-07T19:12:25.0000000,6513.61,6513.62,31.75583905,6.92971169
2018-11-07T19:12:25.0000000,6513.61,6513.62,31.75583905,9.42971169
2018-11-07T19:12:25.0000000,6513.61,6513.62,31.75583905,6.92971169
2018-11-07T19:12:25.0000000,6513.61,6513.62,31.75583905,9.42971169
2018-11-07T19:12:25.0000000,6513.61,6513.62,31.75583905,6.92971169
2018-11-07T19:12:25.0000000,6513.61,6513.62,31.75583905,9.42971169
2018-11-07T19:12:25.0000000,6513.61,6513.62,31.75583905,6.92971169
2018-11-07T19:12:25.0000000,6513.61,6513.62,31.75583905,9.42971169
2018-11-07T19:12:25.0000000,6513.61,6513.62,31.75583905,6.92971169
2018-11-07T19:12:25.0000000,6513.61,6513.62,31.75583905,9.42971169
2018-11-07T19:12:25.0000000,6513.61,6513.62,31.75583905,6.92971169
2018-11-07T19:12:25.0000000,6513.61,6513.62,31.75583905,4.42971169
2018-11-07T19:12:25.0000000,6513.61,6513.62,31.75583905,6.92971169
2018-11-07T19:12:25.0000000,6513.61,6513.62,31.75583905,4.42971169
2018-11-07T19:12:25.0000000,6513.61,6513.62,31.75583905,6.92971169
2018-11-07T19:12:25.0000000,6513.61,6513.62,31.75583905,4.42971169
2018-11-07T19:12:25.0000000,6513.61,6513.62,31.75583905,6.92971169
2018-11-07T19:12:25.0000000,6513.61,6513.62,31.75583905,4.42971169
2018-11-07T19:12:25.0000000,6513.61,6513.62,31.75583905,6.92971169
2018-11-07T19:12:25.0000000,6513.61,6513.62,31.75583905,9.42971169
2018-11-07T19:12:25.0000000,6513.61,6513.62,31.75583905,6.92971169
2018-11-07T19:12:25.0000000,6513.61,6513.62,31.75583905,9.42971169
2018-11-07T19:12:25.0000000,6513.61,6513.62,31.75583905,6.92971169
2018-11-07T19:12:25.0000000,6513.61,6513.62,31.75583905,9.42971169
2018-11-07T19:12:25.0000000,6513.61,6513.62,31.75583905,6.92971169
2018-11-07T19:12:25.0000000,6513.61,6513.62,31.75583905,9.42971169
2018-11-07T19:12:25.0000000,6513.61,6513.62,31.75583905,6.92971169
2018-11-07T19:12:25.0000000,6513.61,6513.62,31.75583905,9.42971169
2018-11-07T19:12:25.0000000,6513.61,6513.62,31.75583905,6.92971169
2018-11-07T19:12:26.0000000,6513.61,6513.62,31.75583905,9.42971169
2018-11-07T19:12:26.0000000,6513.61,6513.62,31.75583905,6.92971169
2018-11-07T19:12:26.0000000,6513.61,6513.62,31.75583905,9.42971169
2018-11-07T19:12:26.0000000,6513.61,6513.62,31.75583905,6.92971169
2018-11-07T19:12:26.0000000,6513.61,6513.62,31.75583905,9.42971169
2018-11-07T19:12:26.0000000,6513.61,6513.62,31.75583905,6.92971169
2018-11-07T19:12:26.0000000,6513.61,6513.62,31.75583905,9.42971169
2018-11-07T19:12:26.0000000,6513.61,6513.62,31.75583905,6.92971169
2018-11-07T19:12:26.0000000,6513.61,6513.62,31.75583905,9.42971169
2018-11-07T19:12:26.0000000,6513.61,6513.62,31.75583905,6.92971169
2018-11-07T19:12:26.0000000,6513.61,6513.62,31.75583905,9.42971169
2018-11-07T19:12:26.0000000,6513.61,6513.62,31.75583905,6.92971169
2018-11-07T19:12:26.0000000,6513.61,6513.62,31.75583905,9.42971169
2018-11-07T19:12:26.0000000,6513.61,6513.62,31.75583905,6.92971169
2018-11-07T19:12:26.0000000,6513.61,6513.62,31.75583905,6.87971169
2018-11-07T19:12:26.0000000,6513.61,6513.62,31.75583905,6.87237765
2018-11-07T19:12:26.0000000,6513.61,6513.62,31.75583905,6.87237765
2018-11-07T19:12:26.0000000,6513.61,6513.62,31.75583905,9.37237765
2018-11-07T19:12:26.0000000,6513.61,6513.62,31.75583905,6.87237765
2018-11-07T19:12:26.0000000,6513.61,6513.62,30.75583905,6.87237765
2018-11-07T19:12:26.0000000,6513.61,6513.62,30.75583905,9.37237765
2018-11-07T19:12:26.0000000,6513.61,6513.62,30.75583905,6.87237765
2018-11-07T19:12:26.0000000,6513.61,6513.62,30.75583905,9.37237765
2018-11-07T19:12:26.0000000,6513.61,6513.62,31.75583905,9.37237765
2018-11-07T19:12:26.0000000,6513.61,6513.62,31.75583905,6.87237765
2018-11-07T19:12:26.0000000,6513.61,6513.62,31.75583905,7.87237765
2018-11-07T19:12:26.0000000,6513.61,6513.62,30.75583905,7.87237765
2018-11-07T19:12:26.0000000,6513.61,6513.62,30.75583905,10.37237765
2018-11-07T19:12:26.0000000,6513.61,6513.62,30.75583905,7.87237765
2018-11-07T19:12:26.0000000,6513.61,6513.62,30.75583905,6.87237765
2018-11-07T19:12:26.0000000,6513.61,6513.62,30.75583905,9.37237765
2018-11-07T19:12:26.0000000,6513.61,6513.62,30.75583905,6.87237765
2018-11-07T19:12:26.0000000,6513.61,6513.62,31.75583905,6.87237765
2018-11-07T19:12:26.0000000,6513.61,6513.62,31.75583905,9.37237765
2018-11-07T19:12:26.0000000,6513.61,6513.62,31.75583905,6.87237765
2018-11-07T19:12:26.0000000,6513.61,6513.62,31.75583905,7.87237765
2018-11-07T19:12:26.0000000,6513.61,6513.62,30.75583905,7.87237765
2018-11-07T19:12:26.0000000,6513.61,6513.62,30.75583905,10.37237765
2018-11-07T19:12:26.0000000,6513.61,6513.62,30.75583905,7.87237765
2018-11-07T19:12:26.0000000,6513.61,6513.62,30.75583905,6.87237765
2018-11-07T19:12:26.0000000,6513.61,6513.62,31.75583905,6.87237765
2018-11-07T19:12:26.0000000,6513.61,6513.62,31.75583905,9.37237765
2018-11-07T19:12:26.0000000,6513.61,6513.62,31.75583905,10.37237765
2018-11-07T19:12:26.0000000,6513.61,6513.62,30.75583905,10.37237765
2018-11-07T19:12:26.0000000,6513.61,6513.62,30.75583905,7.87237765
2018-11-07T19:12:26.0000000,6513.61,6513.62,30.75583905,6.87237765
2018-11-07T19:12:26.0000000,6513.61,6513.62,31.75583905,6.87237765
2018-11-07T19:12:27.0000000,6513.61,6513.62,31.75583905,6.92237765
2018-11-07T19:12:27.0000000,6513.61,6513.62,31.75583905,9.42237765
2018-11-07T19:12:27.0000000,6513.61,6513.62,31.75583905,6.92237765
2018-11-07T19:12:27.0000000,6513.61,6513.62,31.75583905,9.42237765
2018-11-07T19:12:27.0000000,6513.61,6513.62,31.75583905,6.92237765
2018-11-07T19:12:27.0000000,6513.61,6513.62,31.75583905,9.42237765
2018-11-07T19:12:27.0000000,6513.61,6513.62,31.75583905,6.92237765
2018-11-07T19:12:27.0000000,6513.61,6513.62,31.75583905,9.42237765
2018-11-07T19:12:27.0000000,6513.61,6513.62,31.75583905,6.92237765
2018-11-07T19:12:27.0000000,6513.61,6513.62,24.08113946,6.92237765
2018-11-07T19:12:27.0000000,6513.61,6513.62,24.08113946,9.42237765
2018-11-07T19:12:27.0000000,6513.61,6513.62,24.08113946,6.92237765
2018-11-07T19:12:27.0000000,6513.61,6513.62,23.08113946,6.92237765
2018-11-07T19:12:27.0000000,6513.61,6513.62,23.08113946,9.42237765
2018-11-07T19:12:27.0000000,6513.61,6513.62,23.08113946,6.92237765
2018-11-07T19:12:27.0000000,6513.61,6513.62,23.08113946,7.92237765
2018-11-07T19:12:27.0000000,6513.61,6513.62,23.08113946,10.42237765
2018-11-07T19:12:27.0000000,6513.61,6513.62,24.08113946,10.42237765
2018-11-07T19:12:27.0000000,6513.61,6513.62,24.08113946,7.92237765
2018-11-07T19:12:27.0000000,6513.61,6513.62,24.08113946,6.92237765
2018-11-07T19:12:27.0000000,6513.61,6513.62,23.08113946,6.92237765
2018-11-07T19:12:27.0000000,6513.61,6513.62,23.11952063,6.92237765
2018-11-07T19:12:27.0000000,6513.61,6513.62,24.11952063,6.92237765
2018-11-07T19:12:27.0000000,6513.61,6513.62,23.11952063,6.92237765
2018-11-07T19:12:27.0000000,6513.61,6513.62,23.11952063,7.92237765
2018-11-07T19:12:27.0000000,6513.61,6513.62,23.11952063,10.42237765
2018-11-07T19:12:27.0000000,6513.61,6513.62,23.11952063,7.92237765
2018-11-07T19:12:27.0000000,6513.61,6513.62,23.11952063,10.42237765
2018-11-07T19:12:27.0000000,6513.61,6513.62,23.11952063,7.92237765
2018-11-07T19:12:27.0000000,6513.61,6513.62,23.11952063,10.42237765
2018-11-07T19:12:27.0000000,6513.61,6513.62,23.11952063,7.92237765
2018-11-07T19:12:27.0000000,6513.61,6513.62,23.11952063,10.42237765
