topBid,topAsk,sequence,time,side,size,price
2018-11-14T06:05:08.0000000,6292.62,6292.63,7.48831544,14.61932484
11/14/2018 6:05:08,6292.62,6292.63,7.48831544,14.61932484,7324911390,11/14/2018 6:05:08,buy,0.14310933,6292.62000000
2018-11-14T06:05:08.0000000,6292.62,6292.63,7.48831544,14.61932484
2018-11-14T06:05:09.0000000,6292.62,6292.63,6.80228096,14.61932484
11/14/2018 6:05:09,6292.62,6292.63,6.80228096,14.61932484,7324911404,11/14/2018 6:05:09,buy,0.68603448,6292.62000000
2018-11-14T06:05:09.0000000,6292.62,6292.63,6.80228096,14.61932484
2018-11-14T06:05:10.0000000,6292.62,6292.63,6.62242742,14.61932484
11/14/2018 6:05:10,6292.62,6292.63,6.62242742,14.61932484,7324911445,11/14/2018 6:05:10,buy,0.17985354,6292.62000000
2018-11-14T06:05:10.0000000,6292.62,6292.63,6.62242742,14.61932484
2018-11-14T06:05:12.0000000,6292.62,6292.63,5.15660137,14.61932484
11/14/2018 6:05:12,6292.62,6292.63,5.15660137,14.61932484,7324911497,11/14/2018 6:05:12,buy,1.46582605,6292.62000000
2018-11-14T06:05:12.0000000,6292.62,6292.63,5.15660137,14.61932484
2018-11-14T06:05:12.0000000,6292.62,6292.63,5.04242716,14.61932484
11/14/2018 6:05:12,6292.62,6292.63,5.04242716,14.61932484,7324911550,11/14/2018 6:05:12,buy,0.11417421,6292.62000000
2018-11-14T06:05:12.0000000,6292.62,6292.63,5.04242716,14.61932484
2018-11-14T06:05:13.0000000,6292.62,6292.63,5.04242716,14.61173324
11/14/2018 6:05:13,6292.62,6292.63,5.04242716,14.61173324,7324911599,11/14/2018 6:05:13,sell,0.00759160,6292.63000000
2018-11-14T06:05:13.0000000,6292.62,6292.63,5.04242716,14.61173324
2018-11-14T06:05:15.0000000,6292.62,6292.63,5.02586067,14.61173324
11/14/2018 6:05:15,6292.62,6292.63,5.02586067,14.61173324,7324911671,11/14/2018 6:05:15,buy,0.01656649,6292.62000000
2018-11-14T06:05:15.0000000,6292.62,6292.63,5.02586067,14.61173324
2018-11-14T06:05:15.0000000,6292.62,6292.63,4.9283268,14.61173324
11/14/2018 6:05:15,6292.62,6292.63,4.9283268,14.61173324,7324911676,11/14/2018 6:05:15,buy,0.09753387,6292.62000000
2018-11-14T06:05:15.0000000,6292.62,6292.63,4.9283268,14.61173324
2018-11-14T06:05:16.0000000,6292.62,6292.63,4.76427866,14.61173324
11/14/2018 6:05:16,6292.62,6292.63,4.76427866,14.61173324,7324911745,11/14/2018 6:05:16,buy,0.16404814,6292.62000000
2018-11-14T06:05:16.0000000,6292.62,6292.63,4.76427866,14.61173324
2018-11-14T06:05:17.0000000,6292.62,6292.63,4.39628324,14.61173324
11/14/2018 6:05:17,6292.62,6292.63,4.39628324,14.61173324,7324911771,11/14/2018 6:05:17,buy,0.36799542,6292.62000000
2018-11-14T06:05:17.0000000,6292.62,6292.63,4.39628324,14.61173324
2018-11-14T06:05:18.0000000,6292.62,6292.63,4.38257164,14.61173324
11/14/2018 6:05:18,6292.62,6292.63,4.38257164,14.61173324,7324911856,11/14/2018 6:05:18,buy,0.01371160,6292.62000000
2018-11-14T06:05:18.0000000,6292.62,6292.63,4.38257164,14.61173324
2018-11-14T06:05:19.0000000,6292.62,6292.63,4.33155044,14.61173324
11/14/2018 6:05:19,6292.62,6292.63,4.33155044,14.61173324,7324911904,11/14/2018 6:05:19,buy,0.05102120,6292.62000000
2018-11-14T06:05:19.0000000,6292.62,6292.63,4.33155044,14.61173324
2018-11-14T06:05:19.0000000,6292.62,6292.63,4.08336662,14.61173324
11/14/2018 6:05:19,6292.62,6292.63,4.08336662,14.61173324,7324911910,11/14/2018 6:05:19,buy,0.24818382,6292.62000000
2018-11-14T06:05:19.0000000,6292.62,6292.63,4.08336662,14.61173324
2018-11-14T06:05:20.0000000,6292.62,6292.63,3.99729742,14.61173324
11/14/2018 6:05:20,6292.62,6292.63,3.99729742,14.61173324,7324911931,11/14/2018 6:05:20,buy,0.08606920,6292.62000000
2018-11-14T06:05:20.0000000,6292.62,6292.63,3.99729742,14.61173324
2018-11-14T06:05:21.0000000,6292.62,6292.63,3.99729742,14.60414164
11/14/2018 6:05:21,6292.62,6292.63,3.99729742,14.60414164,7324911971,11/14/2018 6:05:21,sell,0.00759160,6292.63000000
2018-11-14T06:05:21.0000000,6292.62,6292.63,3.99729742,14.60414164
2018-11-14T06:05:22.0000000,6292.62,6292.63,3.2347621,14.60414164
11/14/2018 6:05:22,6292.62,6292.63,3.2347621,14.60414164,7324912023,11/14/2018 6:05:22,buy,0.76253532,6292.62000000
2018-11-14T06:05:22.0000000,6292.62,6292.63,3.2347621,14.60414164
2018-11-14T06:05:22.0000000,6292.62,6292.63,3.2255021,14.60414164
11/14/2018 6:05:22,6292.62,6292.63,3.2255021,14.60414164,7324912029,11/14/2018 6:05:22,buy,0.00926000,6292.62000000
2018-11-14T06:05:22.0000000,6292.62,6292.63,3.2255021,14.60414164
2018-11-14T06:05:23.0000000,6292.62,6292.63,3.19574261,14.60414164
11/14/2018 6:05:23,6292.62,6292.63,3.19574261,14.60414164,7324912048,11/14/2018 6:05:23,buy,0.02975949,6292.62000000
2018-11-14T06:05:23.0000000,6292.62,6292.63,3.19574261,14.60414164
2018-11-14T06:05:25.0000000,6292.62,6292.63,3.01588907,14.60414164
11/14/2018 6:05:25,6292.62,6292.63,3.01588907,14.60414164,7324912133,11/14/2018 6:05:25,buy,0.17985354,6292.62000000
2018-11-14T06:05:25.0000000,6292.62,6292.63,3.01588907,14.60414164
2018-11-14T06:05:28.0000000,6292.62,6292.63,3.01588907,14.28726016
11/14/2018 6:05:28,6292.62,6292.63,3.01588907,14.28726016,7324912222,11/14/2018 6:05:28,sell,0.31688148,6292.63000000
2018-11-14T06:05:28.0000000,6292.62,6292.63,3.01588907,14.28726016
2018-11-14T06:05:29.0000000,6292.62,6292.63,3.01588907,14.29656258
2018-11-14T06:05:29.0000000,6292.62,6292.63,3.01588907,14.29284505
11/14/2018 6:05:29,6292.62,6292.63,3.01588907,14.29284505,7324912308,11/14/2018 6:05:29,sell,0.00371753,6292.63000000
2018-11-14T06:05:29.0000000,6292.62,6292.63,3.01588907,14.29284505
2018-11-14T06:05:30.0000000,6292.62,6292.63,3.01588907,14.27763971
11/14/2018 6:05:30,6292.62,6292.63,3.01588907,14.27763971,7324912314,11/14/2018 6:05:30,sell,0.01520534,6292.63000000
2018-11-14T06:05:30.0000000,6292.62,6292.63,3.01588907,14.27763971
2018-11-14T06:05:30.0000000,6292.62,6292.63,3.01588907,14.61342192
2018-11-14T06:05:33.0000000,6292.62,6292.63,3.01588907,14.61017877
11/14/2018 6:05:33,6292.62,6292.63,3.01588907,14.61017877,7324912476,11/14/2018 6:05:33,sell,0.00324315,6292.63000000
2018-11-14T06:05:33.0000000,6292.62,6292.63,3.01588907,14.61017877
2018-11-14T06:05:38.0000000,6292.62,6292.63,2.91014949,14.61017877
11/14/2018 6:05:38,6292.62,6292.63,2.91014949,14.61017877,7324912631,11/14/2018 6:05:38,buy,0.10573958,6292.62000000
2018-11-14T06:05:38.0000000,6292.62,6292.63,2.91014949,14.61017877
2018-11-14T06:05:40.0000000,6292.62,6292.63,2.9013584,14.61017877
11/14/2018 6:05:40,6292.62,6292.63,2.9013584,14.61017877,7324912706,11/14/2018 6:05:40,buy,0.00879109,6292.62000000
2018-11-14T06:05:40.0000000,6292.62,6292.63,2.9013584,14.61017877
2018-11-14T06:05:40.0000000,6292.62,6292.63,2.9013584,14.60914779
11/14/2018 6:05:40,6292.62,6292.63,2.9013584,14.60914779,7324912712,11/14/2018 6:05:40,sell,0.00103098,6292.63000000
2018-11-14T06:05:40.0000000,6292.62,6292.63,2.9013584,14.60914779
2018-11-14T06:05:45.0000000,6292.62,6292.63,2.72150486,14.60914779
11/14/2018 6:05:45,6292.62,6292.63,2.72150486,14.60914779,7324912882,11/14/2018 6:05:45,buy,0.17985354,6292.62000000
2018-11-14T06:05:45.0000000,6292.62,6292.63,2.72150486,14.60914779
2018-11-14T06:05:46.0000000,6292.62,6292.63,2.72150486,14.5969832
11/14/2018 6:05:46,6292.62,6292.63,2.72150486,14.5969832,7324912921,11/14/2018 6:05:46,sell,0.01216459,6292.63000000
2018-11-14T06:05:46.0000000,6292.62,6292.63,2.72150486,14.5969832
2018-11-14T06:05:47.0000000,6292.62,6292.63,2.71224486,14.5969832
11/14/2018 6:05:47,6292.62,6292.63,2.71224486,14.5969832,7324912952,11/14/2018 6:05:47,buy,0.00926000,6292.62000000
2018-11-14T06:05:47.0000000,6292.62,6292.63,2.71224486,14.5969832
2018-11-14T06:05:57.0000000,6292.62,6292.63,2.71224486,14.58177786
11/14/2018 6:05:57,6292.62,6292.63,2.71224486,14.58177786,7324913440,11/14/2018 6:05:57,sell,0.01520534,6292.63000000
2018-11-14T06:05:57.0000000,6292.62,6292.63,2.71224486,14.58177786
2018-11-14T06:05:59.0000000,6292.62,6292.63,2.55244815,14.58177786
11/14/2018 6:05:59,6292.62,6292.63,2.55244815,14.58177786,7324913549,11/14/2018 6:05:59,buy,0.15979671,6292.62000000
2018-11-14T06:05:59.0000000,6292.62,6292.63,2.55244815,14.58177786
2018-11-14T06:06:05.0000000,6292.62,6292.63,2.54318815,14.58177786
11/14/2018 6:06:05,6292.62,6292.63,2.54318815,14.58177786,7324913815,11/14/2018 6:06:05,buy,0.00926000,6292.62000000
2018-11-14T06:06:05.0000000,6292.62,6292.63,2.54318815,14.58177786
2018-11-14T06:06:07.0000000,6292.62,6292.63,2.54318815,14.57624189
11/14/2018 6:06:07,6292.62,6292.63,2.54318815,14.57624189,7324913870,11/14/2018 6:06:07,sell,0.00553597,6292.63000000
2018-11-14T06:06:07.0000000,6292.62,6292.63,2.54318815,14.57624189
2018-11-14T06:06:09.0000000,6292.62,6292.63,2.54318815,14.56526874
11/14/2018 6:06:09,6292.62,6292.63,2.54318815,14.56526874,7324913975,11/14/2018 6:06:09,sell,0.01097315,6292.63000000
2018-11-14T06:06:09.0000000,6292.62,6292.63,2.54318815,14.56526874
2018-11-14T06:06:09.0000000,6292.62,6292.63,2.48779203,14.56526874
11/14/2018 6:06:09,6292.62,6292.63,2.48779203,14.56526874,7324913984,11/14/2018 6:06:09,buy,0.05539612,6292.62000000
2018-11-14T06:06:09.0000000,6292.62,6292.63,2.48779203,14.56526874
2018-11-14T06:06:11.0000000,6292.62,6292.63,2.40012759,14.56526874
11/14/2018 6:06:11,6292.62,6292.63,2.40012759,14.56526874,7324914083,11/14/2018 6:06:11,buy,0.08766444,6292.62000000
2018-11-14T06:06:11.0000000,6292.62,6292.63,2.40012759,14.56526874
2018-11-14T06:06:11.0000000,6292.62,6292.63,2.40012759,13.56526874
2018-11-14T06:06:11.0000000,6292.62,6292.63,3.40012759,13.56526874
2018-11-14T06:06:11.0000000,6292.62,6292.63,3.40012759,6.06526874
2018-11-14T06:06:11.0000000,6292.62,6292.63,3.40012759,4.57358951
2018-11-14T06:06:11.0000000,6292.62,6292.63,3.40012759,4.2378073
2018-11-14T06:06:11.0000000,6292.62,6292.63,3.40012759,4.12862726
2018-11-14T06:06:11.0000000,6292.62,6292.63,3.40012759,1.62862726
2018-11-14T06:06:11.0000000,6292.62,6292.63,5.90012759,1.62862726
2018-11-14T06:06:12.0000000,6292.62,6292.63,5.90012759,0.62862726
2018-11-14T06:06:12.0000000,6292.62,6292.63,6.90012759,0.62862726
2018-11-14T06:06:13.0000000,6292.62,6292.63,6.65215808,0.62862726
11/14/2018 6:06:13,6292.62,6292.63,6.65215808,0.62862726,7324914355,11/14/2018 6:06:13,buy,0.24796951,6292.62000000
2018-11-14T06:06:13.0000000,6292.62,6292.63,6.65215808,0.62862726
2018-11-14T06:06:13.0000000,6292.62,6292.63,7.16047885,0.62862726
2018-11-14T06:06:14.0000000,6292.62,6292.63,6.16047885,0.62862726
2018-11-14T06:06:15.0000000,6292.62,6292.63,7.16047885,0.62862726
2018-11-14T06:06:16.0000000,6292.62,6292.63,6.16047885,0.62862726
2018-11-14T06:06:17.0000000,6292.62,6292.63,6.16047885,0.62727656
11/14/2018 6:06:17,6292.62,6292.63,6.16047885,0.62727656,7324914724,11/14/2018 6:06:17,sell,0.00135070,6292.63000000
2018-11-14T06:06:17.0000000,6292.62,6292.63,6.16047885,0.62727656
2018-11-14T06:06:17.0000000,6292.62,6292.63,6.16047885,0.61037958
11/14/2018 6:06:17,6292.62,6292.63,6.16047885,0.61037958,7324914726,11/14/2018 6:06:17,sell,0.01689698,6292.63000000
2018-11-14T06:06:17.0000000,6292.62,6292.63,6.16047885,0.61037958
2018-11-14T06:06:17.0000000,6292.62,6292.63,7.16047885,0.61037958
2018-11-14T06:06:17.0000000,6292.62,6292.63,6.16047885,0.61037958
2018-11-14T06:06:18.0000000,6292.62,6292.63,7.16047885,0.61037958
2018-11-14T06:06:18.0000000,6292.62,6292.63,7.16047885,0.60937958
2018-11-14T06:06:18.0000000,6292.62,6292.63,6.16047885,0.60937958
2018-11-14T06:06:19.0000000,6292.62,6292.63,7.16047885,0.60937958
2018-11-14T06:06:19.0000000,6292.62,6292.63,7.16047885,0.59799297
11/14/2018 6:06:19,6292.62,6292.63,7.16047885,0.59799297,7324914860,11/14/2018 6:06:19,sell,0.01138661,6292.63000000
2018-11-14T06:06:19.0000000,6292.62,6292.63,7.16047885,0.59799297
2018-11-14T06:06:19.0000000,6292.62,6292.63,7.16047885,0.59899297
2018-11-14T06:06:19.0000000,6292.62,6292.63,7.16047885,0.59799297
2018-11-14T06:06:21.0000000,6292.62,6292.63,7.16047885,0.60109153
2018-11-14T06:06:22.0000000,6292.62,6292.63,7.15121885,0.60109153
11/14/2018 6:06:22,6292.62,6292.63,7.15121885,0.60109153,7324914986,11/14/2018 6:06:22,buy,0.00926000,6292.62000000
2018-11-14T06:06:22.0000000,6292.62,6292.63,7.15121885,0.60109153
2018-11-14T06:06:22.0000000,6292.62,6292.63,8.15121885,0.60109153
2018-11-14T06:06:23.0000000,6292.62,6292.63,8.30821885,0.60109153
2018-11-14T06:06:23.0000000,6292.62,6292.63,7.30821885,0.60109153
2018-11-14T06:06:23.0000000,6292.62,6292.63,8.30821885,0.60109153
2018-11-14T06:06:23.0000000,6292.62,6292.63,9.30821885,0.60109153
2018-11-14T06:06:25.0000000,6292.62,6292.63,9.30821885,0.5852774
11/14/2018 6:06:25,6292.62,6292.63,9.30821885,0.5852774,7324915202,11/14/2018 6:06:25,sell,0.01581413,6292.63000000
2018-11-14T06:06:25.0000000,6292.62,6292.63,9.30821885,0.5852774
2018-11-14T06:06:26.0000000,6292.62,6292.63,8.30821885,0.5852774
2018-11-14T06:06:29.0000000,6292.62,6292.63,9.30821885,0.5852774
2018-11-14T06:06:30.0000000,6292.62,6292.63,8.30821885,0.5852774
2018-11-14T06:06:30.0000000,6292.62,6292.63,8.30821885,0.58138277
11/14/2018 6:06:30,6292.62,6292.63,8.30821885,0.58138277,7324915499,11/14/2018 6:06:30,sell,0.00389463,6292.63000000
2018-11-14T06:06:30.0000000,6292.62,6292.63,8.30821885,0.58138277
2018-11-14T06:06:30.0000000,6292.62,6292.63,8.30821885,0.57568867
11/14/2018 6:06:30,6292.62,6292.63,8.30821885,0.57568867,7324915510,11/14/2018 6:06:30,sell,0.00569410,6292.63000000
2018-11-14T06:06:30.0000000,6292.62,6292.63,8.30821885,0.57568867
2018-11-14T06:06:32.0000000,6292.62,6292.63,8.15121885,0.57568867
2018-11-14T06:06:34.0000000,6292.62,6292.63,8.05692373,0.57568867
11/14/2018 6:06:34,6292.62,6292.63,8.05692373,0.57568867,7324915634,11/14/2018 6:06:34,buy,0.09429512,6292.62000000
2018-11-14T06:06:34.0000000,6292.62,6292.63,8.05692373,0.57568867
2018-11-14T06:06:36.0000000,6292.62,6292.63,8.05692373,0.55212007
11/14/2018 6:06:36,6292.62,6292.63,8.05692373,0.55212007,7324915656,11/14/2018 6:06:36,sell,0.02356860,6292.63000000
2018-11-14T06:06:36.0000000,6292.62,6292.63,8.05692373,0.55212007
2018-11-14T06:06:38.0000000,6292.62,6292.63,8.01763546,0.55212007
11/14/2018 6:06:38,6292.62,6292.63,8.01763546,0.55212007,7324915750,11/14/2018 6:06:38,buy,0.03928827,6292.62000000
2018-11-14T06:06:38.0000000,6292.62,6292.63,8.01763546,0.55212007
2018-11-14T06:06:41.0000000,6292.62,6292.63,8.01763546,0.53691473
11/14/2018 6:06:41,6292.62,6292.63,8.01763546,0.53691473,7324915843,11/14/2018 6:06:41,sell,0.01520534,6292.63000000
2018-11-14T06:06:41.0000000,6292.62,6292.63,8.01763546,0.53691473
2018-11-14T06:06:42.0000000,6292.62,6292.63,8.00837546,0.53691473
11/14/2018 6:06:42,6292.62,6292.63,8.00837546,0.53691473,7324915890,11/14/2018 6:06:42,buy,0.00926000,6292.62000000
2018-11-14T06:06:42.0000000,6292.62,6292.63,8.00837546,0.53691473
2018-11-14T06:06:48.0000000,6292.62,6292.63,7.00837546,0.53691473
2018-11-14T06:06:55.0000000,6292.62,6292.63,7.00837546,0.53137876
11/14/2018 6:06:55,6292.62,6292.63,7.00837546,0.53137876,7324916455,11/14/2018 6:06:55,sell,0.00553597,6292.63000000
2018-11-14T06:06:55.0000000,6292.62,6292.63,7.00837546,0.53137876
2018-11-14T06:06:56.0000000,6292.62,6292.63,7.00837546,0.52378716
11/14/2018 6:06:56,6292.62,6292.63,7.00837546,0.52378716,7324916487,11/14/2018 6:06:56,sell,0.00759160,6292.63000000
2018-11-14T06:06:56.0000000,6292.62,6292.63,7.00837546,0.52378716
2018-11-14T06:07:01.0000000,6292.62,6292.63,7.00837546,0.50553948
11/14/2018 6:07:01,6292.62,6292.63,7.00837546,0.50553948,7324916672,11/14/2018 6:07:01,sell,0.01824768,6292.63000000
2018-11-14T06:07:01.0000000,6292.62,6292.63,7.00837546,0.50553948
2018-11-14T06:07:01.0000000,6292.62,6292.63,7.16537546,0.50553948
2018-11-14T06:07:02.0000000,6292.62,6292.63,7.15611546,0.50553948
11/14/2018 6:07:02,6292.62,6292.63,7.15611546,0.50553948,7324916756,11/14/2018 6:07:02,buy,0.00926000,6292.62000000
2018-11-14T06:07:02.0000000,6292.62,6292.63,7.15611546,0.50553948
2018-11-14T06:07:07.0000000,6292.62,6292.63,7.15611546,0.4276374
11/14/2018 6:07:07,6292.62,6292.63,7.15611546,0.4276374,7324916914,11/14/2018 6:07:07,sell,0.07790208,6292.63000000
2018-11-14T06:07:07.0000000,6292.62,6292.63,7.15611546,0.4276374
2018-11-14T06:07:16.0000000,6292.62,6292.63,7.64168446,0.4276374
2018-11-14T06:07:22.0000000,6292.62,6292.63,7.59154446,0.4276374
11/14/2018 6:07:22,6292.62,6292.63,7.59154446,0.4276374,7324918184,11/14/2018 6:07:22,buy,0.05014000,6292.62000000
2018-11-14T06:07:22.0000000,6292.62,6292.63,7.59154446,0.4276374
2018-11-14T06:07:22.0000000,6292.62,6292.63,6.59154446,0.4276374
2018-11-14T06:07:22.0000000,6292.62,6292.63,6.59154446,1.4276374
2018-11-14T06:07:22.0000000,6292.62,6292.63,6.58228446,1.4276374
11/14/2018 6:07:22,6292.62,6292.63,6.58228446,1.4276374,7324918201,11/14/2018 6:07:22,buy,0.00926000,6292.62000000
2018-11-14T06:07:22.0000000,6292.62,6292.63,6.58228446,1.4276374
2018-11-14T06:07:23.0000000,6292.62,6292.63,6.49444127,1.4276374
11/14/2018 6:07:23,6292.62,6292.63,6.49444127,1.4276374,7324918234,11/14/2018 6:07:23,buy,0.08784319,6292.62000000
2018-11-14T06:07:23.0000000,6292.62,6292.63,6.49444127,1.4276374
2018-11-14T06:07:23.0000000,6292.62,6292.63,6.49444127,8.9276374
2018-11-14T06:07:23.0000000,6292.62,6292.63,6.49444127,1.4276374
2018-11-14T06:07:23.0000000,6292.62,6292.63,6.33744127,1.4276374
2018-11-14T06:07:23.0000000,6292.62,6292.63,6.33744127,1.4286374
2018-11-14T06:07:23.0000000,6292.62,6292.63,6.33744127,1.4276374
2018-11-14T06:07:23.0000000,6292.62,6292.63,6.33744127,8.9276374
2018-11-14T06:07:23.0000000,6292.62,6292.63,6.33744127,1.4276374
2018-11-14T06:07:23.0000000,6292.62,6292.63,5.8291205,1.4276374
2018-11-14T06:07:23.0000000,6292.62,6292.63,3.3291205,1.4276374
2018-11-14T06:07:23.0000000,6292.62,6292.63,3.3291205,8.9276374
2018-11-14T06:07:23.0000000,6292.62,6292.63,3.3291205,8.9286374
2018-11-14T06:07:23.0000000,6292.62,6292.63,2.3291205,8.9286374
2018-11-14T06:07:23.0000000,6292.62,6292.63,2.3291205,8.9276374
2018-11-14T06:07:23.0000000,6292.62,6292.63,4.8291205,8.9276374
2018-11-14T06:07:23.0000000,6292.62,6292.63,4.8291205,8.9286374
2018-11-14T06:07:23.0000000,6292.62,6292.63,2.3291205,8.9286374
2018-11-14T06:07:23.0000000,6292.62,6292.63,2.3291205,10.9286374
2018-11-14T06:07:23.0000000,6292.62,6292.63,4.8291205,10.9286374
2018-11-14T06:07:23.0000000,6292.62,6292.63,4.8291205,13.4286374
2018-11-14T06:07:23.0000000,6292.62,6292.63,2.3291205,13.4286374
2018-11-14T06:07:23.0000000,6292.62,6292.63,2.3291205,10.9286374
2018-11-14T06:07:23.0000000,6292.62,6292.63,2.3291205,13.4286374
2018-11-14T06:07:26.0000000,6292.62,6292.63,2.22617539,13.4286374
11/14/2018 6:07:26,6292.62,6292.63,2.22617539,13.4286374,7324918493,11/14/2018 6:07:26,buy,0.10294511,6292.62000000
2018-11-14T06:07:26.0000000,6292.62,6292.63,2.22617539,13.4286374
2018-11-14T06:07:26.0000000,6292.62,6292.63,2.20818352,13.4286374
11/14/2018 6:07:26,6292.62,6292.63,2.20818352,13.4286374,7324918533,11/14/2018 6:07:26,buy,0.01799187,6292.62000000
2018-11-14T06:07:26.0000000,6292.62,6292.63,2.20818352,13.4286374
2018-11-14T06:07:26.0000000,6292.62,6292.63,2.20818352,13.4328483
2018-11-14T06:07:27.0000000,6292.62,6292.63,2.20650263,13.4328483
11/14/2018 6:07:27,6292.62,6292.63,2.20650263,13.4328483,7324918627,11/14/2018 6:07:27,buy,0.00168089,6292.62000000
2018-11-14T06:07:27.0000000,6292.62,6292.63,2.20650263,13.4328483
2018-11-14T06:07:29.0000000,6292.62,6292.63,2.08660027,13.4328483
11/14/2018 6:07:29,6292.62,6292.63,2.08660027,13.4328483,7324918698,11/14/2018 6:07:29,buy,0.11990236,6292.62000000
2018-11-14T06:07:29.0000000,6292.62,6292.63,2.08660027,13.4328483
2018-11-14T06:07:30.0000000,6292.62,6292.63,2.0767411,13.4328483
11/14/2018 6:07:30,6292.62,6292.63,2.0767411,13.4328483,7324918731,11/14/2018 6:07:30,buy,0.00985917,6292.62000000
2018-11-14T06:07:30.0000000,6292.62,6292.63,2.0767411,13.4328483
2018-11-14T06:07:32.0000000,6292.62,6292.63,2.0767411,10.9328483
2018-11-14T06:07:32.0000000,6292.62,6292.63,2.0767411,13.4328483
2018-11-14T06:07:32.0000000,6292.62,6292.63,2.0767411,10.9328483
2018-11-14T06:07:32.0000000,6292.62,6292.63,2.0767411,13.4328483
2018-11-14T06:07:32.0000000,6292.62,6292.63,2.0767411,10.9328483
2018-11-14T06:07:32.0000000,6292.62,6292.63,2.0767411,13.4328483
2018-11-14T06:07:35.0000000,6292.62,6292.63,2.0767411,12.4328483
2018-11-14T06:07:35.0000000,6292.62,6292.63,2.0767411,13.4328483
2018-11-14T06:07:35.0000000,6292.62,6292.63,2.0767411,10.9328483
2018-11-14T06:07:35.0000000,6292.62,6292.63,2.0767411,9.9328483
2018-11-14T06:07:35.0000000,6292.62,6292.63,3.0767411,9.9328483
2018-11-14T06:07:35.0000000,6292.62,6292.63,3.0767411,2.4328483
2018-11-14T06:07:35.0000000,6292.62,6292.63,3.0767411,0.4328483
2018-11-14T06:07:35.0000000,6292.62,6292.63,5.5767411,0.4328483
2018-11-14T06:07:35.0000000,6292.62,6292.63,6.5767411,0.4328483
2018-11-14T06:07:35.0000000,6292.62,6292.63,6.5767411,0.4318483
2018-11-14T06:07:35.0000000,6292.62,6292.63,6.5767411,7.9318483
2018-11-14T06:07:35.0000000,6292.62,6292.63,6.5767411,7.9328483
2018-11-14T06:07:35.0000000,6292.62,6292.63,6.5767411,0.4328483
2018-11-14T06:07:35.0000000,6292.62,6292.63,6.5767411,0.4318483
2018-11-14T06:07:38.0000000,6292.62,6292.63,6.48853162,0.4318483
11/14/2018 6:07:38,6292.62,6292.63,6.48853162,0.4318483,7324919062,11/14/2018 6:07:38,buy,0.08820948,6292.62000000
2018-11-14T06:07:38.0000000,6292.62,6292.63,6.48853162,0.4318483
2018-11-14T06:07:39.0000000,6292.62,6292.63,6.48853162,0.40022321
11/14/2018 6:07:39,6292.62,6292.63,6.48853162,0.40022321,7324919092,11/14/2018 6:07:39,sell,0.03162509,6292.63000000
2018-11-14T06:07:39.0000000,6292.62,6292.63,6.99685239,0.40022321
2018-11-14T06:07:39.0000000,6292.62,6292.63,6.99685239,0.40022321
2018-11-14T06:07:39.0000000,6292.62,6292.63,7.15385239,0.40022321
2018-11-14T06:07:42.0000000,6292.62,6292.63,7.14459239,0.40022321
11/14/2018 6:07:42,6292.62,6292.63,7.14459239,0.40022321,7324919231,11/14/2018 6:07:42,buy,0.00926000,6292.62000000
2018-11-14T06:07:42.0000000,6292.62,6292.63,7.14459239,0.40022321
2018-11-14T06:07:45.0000000,6292.62,6292.63,7.14459239,0.40268638
2018-11-14T06:07:48.0000000,6292.62,6292.63,6.98759239,0.40268638
2018-11-14T06:07:49.0000000,6292.62,6292.63,6.98759239,0.40483142
2018-11-14T06:07:50.0000000,6292.62,6292.63,7.19998739,0.40483142
2018-11-14T06:07:58.0000000,6292.62,6292.63,7.19998739,0.40174639
11/14/2018 6:07:58,6292.62,6292.63,7.19998739,0.40174639,7324919780,11/14/2018 6:07:58,sell,0.00308503,6292.63000000
2018-11-14T06:07:58.0000000,6292.62,6292.63,7.19998739,0.40174639
2018-11-14T06:07:58.0000000,6292.62,6292.63,7.19998739,0.39961012
11/14/2018 6:07:58,6292.62,6292.63,7.19998739,0.39961012,7324919792,11/14/2018 6:07:58,sell,0.00213627,6292.63000000
2018-11-14T06:07:58.0000000,6292.62,6292.63,7.19998739,0.39961012
2018-11-14T06:08:02.0000000,6292.62,6292.63,7.19072739,0.39961012
11/14/2018 6:08:02,6292.62,6292.63,7.19072739,0.39961012,7324919886,11/14/2018 6:08:02,buy,0.00926000,6292.62000000
2018-11-14T06:08:02.0000000,6292.62,6292.63,7.19072739,0.39059539
11/14/2018 6:08:02,6292.62,6292.63,7.19072739,0.39059539,7324919889,11/14/2018 6:08:02,sell,0.00901473,6292.63000000
2018-11-14T06:08:02.0000000,6292.62,6292.63,7.19072739,0.39059539
2018-11-14T06:08:02.0000000,6292.62,6292.63,7.34772739,0.39059539
2018-11-14T06:08:06.0000000,6292.62,6292.63,7.34772739,0.11381009
11/14/2018 6:08:06,6292.62,6292.63,7.34772739,0.11381009,7324920075,11/14/2018 6:08:06,sell,0.27678530,6292.63000000
2018-11-14T06:08:06.0000000,6292.62,6292.63,7.34772739,0.11381009
2018-11-14T06:08:06.0000000,6292.62,6292.63,7.34772739,0.02122009
11/14/2018 6:08:06,6292.62,6292.63,7.34772739,0.02122009,7324920077,11/14/2018 6:08:06,sell,0.09259000,6292.63000000
2018-11-14T06:08:06.0000000,6292.62,6292.63,7.34772739,0.01191767
11/14/2018 6:08:06,6292.62,6292.63,7.34772739,0.01191767,7324920079,11/14/2018 6:08:06,sell,0.00930242,6292.63000000
2018-11-14T06:08:06.0000000,6292.62,6292.63,7.34772739,0.00881911
11/14/2018 6:08:06,6292.62,6292.63,7.34772739,0.00881911,7324920081,11/14/2018 6:08:06,sell,0.00309856,6292.63000000
2018-11-14T06:08:06.0000000,6292.62,6292.63,7.34772739,0.00460821
11/14/2018 6:08:06,6292.62,6292.63,7.34772739,0.00460821,7324920083,11/14/2018 6:08:06,sell,0.00421090,6292.63000000
2018-11-14T06:08:06.0000000,6292.62,6292.63,7.34772739,0.00214504
11/14/2018 6:08:06,6292.62,6292.63,7.34772739,0.00214504,7324920085,11/14/2018 6:08:06,sell,0.00246317,6292.63000000
2018-11-14T06:08:06.0000000,6292.62,6292.63,7.34772739,0.00214504
2018-11-14T06:08:06.0000000,6292.62,6292.63,7.34772739,0
11/14/2018 6:08:06,6292.62,6292.63,7.34772739,0,7324920087,11/14/2018 6:08:06,sell,0.00214504,6292.63000000
11/14/2018 6:08:06,6292.62,6292.63,7.34772739,0,7324920089,11/14/2018 6:08:06,sell,0.00230427,6292.64000000
11/14/2018 6:08:06,6292.62,6292.63,7.34772739,0,7324920091,11/14/2018 6:08:06,sell,0.00135067,6292.65000000
11/14/2018 6:08:06,6292.62,6292.63,7.34772739,0,7324920093,11/14/2018 6:08:06,sell,0.00500835,6292.66000000
11/14/2018 6:08:06,6292.62,6292.63,7.34772739,0,7324920095,11/14/2018 6:08:06,sell,0.00278051,6293.26000000
11/14/2018 6:08:06,6292.62,6292.63,7.34772739,0,7324920097,11/14/2018 6:08:06,sell,0.00166831,6293.27000000
11/14/2018 6:08:06,6292.62,6292.63,7.34772739,0,7324920099,11/14/2018 6:08:06,sell,0.00214495,6293.28000000
11/14/2018 6:08:06,6292.62,6292.63,7.34772739,0,7324920101,11/14/2018 6:08:06,sell,0.00293962,6293.29000000
11/14/2018 6:08:06,6292.62,6292.63,7.34772739,0,7324920103,11/14/2018 6:08:06,sell,0.00293934,6293.30000000
11/14/2018 6:08:06,6292.62,6292.63,7.34772739,0,7324920105,11/14/2018 6:08:06,sell,0.00198594,6293.31000000
2018-11-14T06:08:06.0000000,6292.62,6293.32,7.34772739,0
2018-11-14T06:08:06.0000000,6292.62,6293.32,7.34772739,0
11/14/2018 6:08:06,6292.62,6293.32,7.34772739,0,7324920107,11/14/2018 6:08:06,sell,0.00246285,6293.32000000
11/14/2018 6:08:06,6292.62,6293.32,7.34772739,0,7324920109,11/14/2018 6:08:06,sell,0.00150945,6293.33000000
11/14/2018 6:08:06,6292.62,6293.32,7.34772739,0,7324920111,11/14/2018 6:08:06,sell,0.00119132,6293.34000000
11/14/2018 6:08:06,6292.62,6293.32,7.34772739,0,7324920113,11/14/2018 6:08:06,sell,0.00198576,6293.35000000
11/14/2018 6:08:06,6292.62,6293.32,7.34772739,0,7324920115,11/14/2018 6:08:06,sell,0.00230361,6293.36000000
11/14/2018 6:08:06,6292.62,6293.32,7.34772739,0,7324920117,11/14/2018 6:08:06,sell,0.00100000,6293.37000000
11/14/2018 6:08:06,6292.62,6293.32,7.34772739,0,7324920119,11/14/2018 6:08:06,sell,0.00246249,6293.37000000
2018-11-14T06:08:06.0000000,6292.62,6293.38,7.34772739,0
2018-11-14T06:08:06.0000000,6292.62,6293.38,7.34772739,0.5972124
11/14/2018 6:08:06,6292.62,6293.38,7.34772739,0.5972124,7324920121,11/14/2018 6:08:06,sell,0.33361749,6293.38000000
2018-11-14T06:08:06.0000000,6292.62,6293.38,6.34772739,0.5972124
2018-11-14T06:08:06.0000000,6293.37,6293.38,6.34772739,0.5972124
2018-11-14T06:08:06.0000000,6293.37,6293.38,1.50832077,0.5972124
2018-11-14T06:08:06.0000000,6293.37,6293.38,1.50832077,2.00364452
2018-11-14T06:08:06.0000000,6293.37,6293.38,2.1797769,2.00364452
2018-11-14T06:08:06.0000000,6293.37,6293.38,2.1797769,2.00464452
2018-11-14T06:08:06.0000000,6293.37,6293.38,2.99276339,2.00464452
2018-11-14T06:08:07.0000000,6293.37,6293.38,3.99276339,2.00464452
2018-11-14T06:08:08.0000000,6293.37,6293.38,3.99276339,2.00583597
2018-11-14T06:08:08.0000000,6293.37,6293.38,3.84279282,2.00583597
11/14/2018 6:08:08,6293.37,6293.38,3.84279282,2.00583597,7324920247,11/14/2018 6:08:08,buy,0.14997057,6293.37000000
2018-11-14T06:08:08.0000000,6293.37,6293.38,3.84279282,2.00583597
2018-11-14T06:08:08.0000000,6293.37,6293.38,3.48444262,2.00583597
2018-11-14T06:08:08.0000000,6293.37,6293.38,3.48444262,4.50583597
2018-11-14T06:08:08.0000000,6293.37,6293.38,2.48444262,4.50583597
2018-11-14T06:08:08.0000000,6293.37,6293.38,2.48444262,2.00583597
2018-11-14T06:08:10.0000000,6293.37,6293.38,2.3844682,2.00583597
11/14/2018 6:08:10,6293.37,6293.38,2.3844682,2.00583597,7324920356,11/14/2018 6:08:10,buy,0.09997442,6293.37000000
2018-11-14T06:08:10.0000000,6293.37,6293.38,2.3844682,2.00583597
2018-11-14T06:08:11.0000000,6293.37,6293.38,1.3844682,2.00583597
2018-11-14T06:08:11.0000000,6293.37,6293.38,1.8548492,2.00583597
2018-11-14T06:08:11.0000000,6293.37,6293.38,1.8548492,3.00583597
2018-11-14T06:08:11.0000000,6293.37,6293.38,1.8548492,2.8537778
11/14/2018 6:08:11,6293.37,6293.38,1.8548492,2.8537778,7324920440,11/14/2018 6:08:11,sell,0.15205817,6293.38000000
2018-11-14T06:08:11.0000000,6293.37,6293.38,1.8548492,2.8537778
2018-11-14T06:08:11.0000000,6293.37,6293.38,1.8548492,1.8537778
2018-11-14T06:08:11.0000000,6293.37,6293.38,1.389124,1.8537778
11/14/2018 6:08:11,6293.37,6293.38,1.389124,1.8537778,7324920447,11/14/2018 6:08:11,buy,0.46572520,6293.37000000
2018-11-14T06:08:11.0000000,6293.37,6293.38,1.389124,1.8537778
2018-11-14T06:08:11.0000000,6293.37,6293.38,1.389124,3.8537778
2018-11-14T06:08:11.0000000,6293.37,6293.38,1.389124,4.8537778
2018-11-14T06:08:12.0000000,6293.37,6293.38,1.389124,12.3537778
2018-11-14T06:08:12.0000000,6293.37,6293.38,1.389124,13.3537778
2018-11-14T06:08:12.0000000,6293.37,6293.38,1.389124,5.8537778
2018-11-14T06:08:13.0000000,6293.37,6293.38,1.28336749,5.8537778
11/14/2018 6:08:13,6293.37,6293.38,1.28336749,5.8537778,7324920555,11/14/2018 6:08:13,buy,0.10575651,6293.37000000
2018-11-14T06:08:13.0000000,6293.37,6293.38,1.28336749,5.8537778
2018-11-14T06:08:13.0000000,6293.37,6293.38,1.16959569,5.8537778
11/14/2018 6:08:13,6293.37,6293.38,1.16959569,5.8537778,7324920557,11/14/2018 6:08:13,buy,0.11377180,6293.37000000
2018-11-14T06:08:13.0000000,6293.37,6293.38,1.16959569,5.8537778
2018-11-14T06:08:13.0000000,6293.37,6293.38,1.08388764,5.8537778
11/14/2018 6:08:13,6293.37,6293.38,1.08388764,5.8537778,7324920574,11/14/2018 6:08:13,buy,0.08570805,6293.37000000
2018-11-14T06:08:13.0000000,6293.37,6293.38,1.08388764,5.8537778
2018-11-14T06:08:13.0000000,6293.37,6293.38,1.08388764,13.3537778
2018-11-14T06:08:13.0000000,6293.37,6293.38,1.08388764,13.28535218
11/14/2018 6:08:13,6293.37,6293.38,1.08388764,13.28535218,7324920599,11/14/2018 6:08:13,sell,0.06842562,6293.38000000
2018-11-14T06:08:13.0000000,6293.37,6293.38,1.08388764,13.28535218
2018-11-14T06:08:14.0000000,6293.37,6293.38,1.08388764,13.07940377
11/14/2018 6:08:14,6293.37,6293.38,1.08388764,13.07940377,7324920620,11/14/2018 6:08:14,sell,0.20594841,6293.38000000
2018-11-14T06:08:14.0000000,6293.37,6293.38,1.08388764,13.07940377
2018-11-14T06:08:14.0000000,6293.37,6293.38,1.08388764,5.57940377
2018-11-14T06:08:15.0000000,6293.37,6293.38,1.08388764,5.56940377
11/14/2018 6:08:15,6293.37,6293.38,1.08388764,5.56940377,7324920636,11/14/2018 6:08:15,sell,0.01000000,6293.38000000
2018-11-14T06:08:15.0000000,6293.37,6293.38,1.08388764,5.56940377
2018-11-14T06:08:17.0000000,6293.37,6293.38,1.04590383,5.56940377
11/14/2018 6:08:17,6293.37,6293.38,1.04590383,5.56940377,7324920723,11/14/2018 6:08:17,buy,0.03798381,6293.37000000
2018-11-14T06:08:17.0000000,6293.37,6293.38,1.04590383,5.56940377
2018-11-14T06:08:18.0000000,6293.37,6293.38,0.86607172,5.56940377
11/14/2018 6:08:18,6293.37,6293.38,0.86607172,5.56940377,7324920771,11/14/2018 6:08:18,buy,0.17983211,6293.37000000
2018-11-14T06:08:18.0000000,6293.37,6293.38,0.86607172,5.56940377
2018-11-14T06:08:19.0000000,6293.37,6293.38,0.76059119,5.56940377
11/14/2018 6:08:19,6293.37,6293.38,0.76059119,5.56940377,7324920800,11/14/2018 6:08:19,buy,0.10548053,6293.37000000
2018-11-14T06:08:19.0000000,6293.37,6293.38,0.76059119,5.56940377
2018-11-14T06:08:20.0000000,6293.37,6293.38,0.76059119,13.06940377
2018-11-14T06:08:21.0000000,6293.37,6293.38,0.76059119,13.16199377
2018-11-14T06:08:22.0000000,6293.37,6293.38,0.73661358,13.16199377
11/14/2018 6:08:22,6293.37,6293.38,0.73661358,13.16199377,7324920932,11/14/2018 6:08:22,buy,0.02397761,6293.37000000
2018-11-14T06:08:22.0000000,6293.37,6293.38,0.73661358,13.16199377
2018-11-14T06:08:24.0000000,6293.37,6293.38,0.50667588,13.16199377
11/14/2018 6:08:24,6293.37,6293.38,0.50667588,13.16199377,7324920983,11/14/2018 6:08:24,buy,0.22993770,6293.37000000
2018-11-14T06:08:24.0000000,6293.37,6293.38,0.50667588,13.16199377
2018-11-14T06:08:24.0000000,6293.37,6293.38,0.50667588,15.66199377
2018-11-14T06:08:24.0000000,6293.37,6293.38,0.50667588,13.16199377
2018-11-14T06:08:24.0000000,6293.37,6293.38,0.50667588,15.66199377
2018-11-14T06:08:25.0000000,6293.37,6293.38,0.50667588,15.64004746
11/14/2018 6:08:25,6293.37,6293.38,0.50667588,15.64004746,7324921012,11/14/2018 6:08:25,sell,0.02194631,6293.38000000
2018-11-14T06:08:25.0000000,6293.37,6293.38,0.50667588,15.64004746
2018-11-14T06:08:25.0000000,6293.37,6293.38,0.50667588,15.54882312
11/14/2018 6:08:25,6293.37,6293.38,0.50667588,15.54882312,7324921026,11/14/2018 6:08:25,sell,0.09122434,6293.38000000
2018-11-14T06:08:25.0000000,6293.37,6293.38,0.50667588,15.54882312
2018-11-14T06:08:26.0000000,6293.37,6293.38,0.470381,15.54882312
11/14/2018 6:08:26,6293.37,6293.38,0.470381,15.54882312,7324921078,11/14/2018 6:08:26,buy,0.03629488,6293.37000000
2018-11-14T06:08:26.0000000,6293.37,6293.38,0.470381,15.54882312
2018-11-14T06:08:26.0000000,6293.37,6293.38,0.44443521,15.54882312
11/14/2018 6:08:26,6293.37,6293.38,0.44443521,15.54882312,7324921080,11/14/2018 6:08:26,buy,0.02594579,6293.37000000
2018-11-14T06:08:26.0000000,6293.37,6293.38,0.44443521,15.54882312
2018-11-14T06:08:26.0000000,6293.37,6293.38,0.44443521,13.04882312
2018-11-14T06:08:26.0000000,6293.37,6293.38,0.44443521,15.54882312
2018-11-14T06:08:26.0000000,6293.37,6293.38,0.44443521,13.04882312
2018-11-14T06:08:26.0000000,6293.37,6293.38,0.44443521,15.54882312
2018-11-14T06:08:26.0000000,6293.37,6293.38,0.19647127,15.54882312
11/14/2018 6:08:26,6293.37,6293.38,0.19647127,15.54882312,7324921105,11/14/2018 6:08:26,buy,0.24796394,6293.37000000
2018-11-14T06:08:26.0000000,6293.37,6293.38,0.19647127,15.54882312
2018-11-14T06:08:27.0000000,6293.37,6293.38,0.19647127,13.04882312
2018-11-14T06:08:27.0000000,6293.37,6293.38,0.19647127,15.54882312
2018-11-14T06:08:33.0000000,6293.37,6293.38,0.00003583,15.54882312
11/14/2018 6:08:33,6293.37,6293.38,0.00003583,15.54882312,7324921340,11/14/2018 6:08:33,buy,0.19643544,6293.37000000
2018-11-14T06:08:33.0000000,6293.37,6293.38,0.00003583,15.54882312
2018-11-14T06:08:33.0000000,6293.37,6293.38,0.00003583,8.04882312
2018-11-14T06:08:33.0000000,6293.37,6293.38,0.00003583,7.04882312
2018-11-14T06:08:33.0000000,6293.37,6293.38,0.00003583,4.54882312
2018-11-14T06:08:33.0000000,6293.37,6293.38,0.00003583,12.04882312
2018-11-14T06:08:33.0000000,6293.37,6293.38,0.00003583,4.54882312
2018-11-14T06:08:33.0000000,6293.37,6293.38,0.00003583,3.54882312
2018-11-14T06:08:33.0000000,6293.37,6293.38,0.00003583,6.04882312
2018-11-14T06:08:33.0000000,6293.37,6293.38,0.00003583,3.54882312
2018-11-14T06:08:33.0000000,6293.37,6293.38,0.00003583,3.5406
11/14/2018 6:08:33,6293.37,6293.38,0.00003583,3.5406,7324921415,11/14/2018 6:08:33,sell,0.00822312,6293.38000000
2018-11-14T06:08:33.0000000,6293.37,6293.38,0.00003583,3.5406
2018-11-14T06:08:34.0000000,6293.37,6293.38,0.00003583,4.5406
2018-11-14T06:08:34.0000000,6293.37,6293.38,0.00003583,3.5406
2018-11-14T06:08:36.0000000,6293.37,6293.38,0.00003583,3.52691587
11/14/2018 6:08:36,6293.37,6293.38,0.00003583,3.52691587,7324921576,11/14/2018 6:08:36,sell,0.01368413,6293.38000000
2018-11-14T06:08:36.0000000,6293.37,6293.38,0.00003583,3.52691587
2018-11-14T06:08:36.0000000,6293.37,6293.38,0.00003583,1.52691587
2018-11-14T06:08:37.0000000,6293.37,6293.38,3.97247031,1.52691587
2018-11-14T06:08:37.0000000,6293.37,6293.38,4.97247031,1.52691587
2018-11-14T06:08:37.0000000,6293.37,6293.38,4.97243448,1.52691587
11/14/2018 6:08:37,6293.37,6293.38,4.97243448,1.52691587,7324921647,11/14/2018 6:08:37,buy,0.00003583,6293.37000000
2018-11-14T06:08:37.0000000,6293.37,6293.38,4.97243448,1.52691587
2018-11-14T06:08:37.0000000,6293.37,6293.38,4.72449967,1.52691587
11/14/2018 6:08:37,6293.37,6293.38,4.72449967,1.52691587,7324921649,11/14/2018 6:08:37,buy,0.24793481,6293.37000000
2018-11-14T06:08:37.0000000,6293.37,6293.38,4.72449967,1.52691587
2018-11-14T06:08:38.0000000,6293.37,6293.38,4.88149967,1.52691587
2018-11-14T06:08:40.0000000,6293.37,6293.38,4.88149967,1.51157795
11/14/2018 6:08:40,6293.37,6293.38,4.88149967,1.51157795,7324921721,11/14/2018 6:08:40,sell,0.01533792,6293.38000000
2018-11-14T06:08:40.0000000,6293.37,6293.38,4.88149967,1.51157795
2018-11-14T06:08:41.0000000,6293.37,6293.38,4.82464794,1.51157795
11/14/2018 6:08:41,6293.37,6293.38,4.82464794,1.51157795,7324921757,11/14/2018 6:08:41,buy,0.05685173,6293.37000000
2018-11-14T06:08:41.0000000,6293.37,6293.38,4.82464794,1.51157795
2018-11-14T06:08:41.0000000,6293.37,6293.38,4.81538794,1.51157795
11/14/2018 6:08:41,6293.37,6293.38,4.81538794,1.51157795,7324921784,11/14/2018 6:08:41,buy,0.00926000,6293.37000000
2018-11-14T06:08:41.0000000,6293.37,6293.38,4.81538794,1.51157795
2018-11-14T06:08:43.0000000,6293.37,6293.38,4.59585963,1.51157795
11/14/2018 6:08:43,6293.37,6293.38,4.59585963,1.51157795,7324921835,11/14/2018 6:08:43,buy,0.21952831,6293.37000000
2018-11-14T06:08:43.0000000,6293.37,6293.38,4.59585963,1.51157795
2018-11-14T06:08:44.0000000,6293.37,6293.38,4.43600887,1.51157795
11/14/2018 6:08:44,6293.37,6293.38,4.43600887,1.51157795,7324921844,11/14/2018 6:08:44,buy,0.15985076,6293.37000000
2018-11-14T06:08:44.0000000,6293.37,6293.38,4.43600887,1.51157795
2018-11-14T06:08:47.0000000,6293.37,6293.38,4.38343291,1.51157795
11/14/2018 6:08:47,6293.37,6293.38,4.38343291,1.51157795,7324921931,11/14/2018 6:08:47,buy,0.05257596,6293.37000000
2018-11-14T06:08:47.0000000,6293.37,6293.38,4.38343291,1.51157795
2018-11-14T06:08:47.0000000,6293.37,6293.38,4.13546891,1.51157795
11/14/2018 6:08:47,6293.37,6293.38,4.13546891,1.51157795,7324921934,11/14/2018 6:08:47,buy,0.24796400,6293.37000000
2018-11-14T06:08:47.0000000,6293.37,6293.38,4.13546891,1.51157795
2018-11-14T06:08:52.0000000,6293.37,6293.38,4.13546891,1.50121357
11/14/2018 6:08:52,6293.37,6293.38,4.13546891,1.50121357,7324922101,11/14/2018 6:08:52,sell,0.01036438,6293.38000000
2018-11-14T06:08:52.0000000,6293.37,6293.38,4.13546891,1.50121357
2018-11-14T06:08:52.0000000,6293.37,6293.38,4.13546891,0.75137773
11/14/2018 6:08:52,6293.37,6293.38,4.13546891,0.75137773,7324922103,11/14/2018 6:08:52,sell,0.74983584,6293.38000000
2018-11-14T06:08:52.0000000,6293.37,6293.38,4.13546891,0.75137773
2018-11-14T06:08:52.0000000,6293.37,6293.38,4.13546891,0.75037773
2018-11-14T06:09:02.0000000,6293.37,6293.38,4.12620891,0.75037773
11/14/2018 6:09:02,6293.37,6293.38,4.12620891,0.75037773,7324922413,11/14/2018 6:09:02,buy,0.00926000,6293.37000000
2018-11-14T06:09:02.0000000,6293.37,6293.38,4.12620891,0.75037773
2018-11-14T06:09:08.0000000,6293.37,6293.38,2.62620891,0.75037773
11/14/2018 6:09:08,6293.37,6293.38,2.62620891,0.75037773,7324922640,11/14/2018 6:09:08,buy,1.50000000,6293.37000000
2018-11-14T06:09:08.0000000,6293.37,6293.38,2.62620891,0.75037773
2018-11-14T06:09:08.0000000,6293.37,6293.38,2.62620891,2.75037773
2018-11-14T06:09:08.0000000,6293.37,6293.38,2.62620891,2.75137773
2018-11-14T06:09:08.0000000,6293.37,6293.38,1.62620891,2.75137773
2018-11-14T06:09:08.0000000,6293.37,6293.38,1.62620891,3.75137773
2018-11-14T06:09:09.0000000,6293.37,6293.38,1.46920891,3.75137773
2018-11-14T06:09:09.0000000,6293.37,6293.38,1.46920891,11.25137773
2018-11-14T06:09:09.0000000,6293.37,6293.38,1.46920891,13.75137773
2018-11-14T06:09:09.0000000,6293.37,6293.38,1.46920891,14.75137773
2018-11-14T06:09:10.0000000,6293.37,6293.38,1.46920891,14.73678133
11/14/2018 6:09:10,6293.37,6293.38,1.46920891,14.73678133,7324922777,11/14/2018 6:09:10,sell,0.01459640,6293.38000000
2018-11-14T06:09:10.0000000,6293.37,6293.38,1.46920891,14.73678133
2018-11-14T06:09:13.0000000,6293.37,6293.38,1.46920891,13.73678133
2018-11-14T06:09:13.0000000,6293.37,6293.38,1.46920891,11.23678133
2018-11-14T06:09:13.0000000,6293.37,6293.38,1.46920891,9.23678133
2018-11-14T06:09:13.0000000,6293.37,6293.38,2.46920891,9.23678133
2018-11-14T06:09:14.0000000,6293.37,6293.38,2.46920891,1.73678133
2018-11-14T06:09:14.0000000,6293.37,6293.38,2.46920891,0.73678133
2018-11-14T06:09:18.0000000,6293.37,6293.38,2.62620891,0.73678133
2018-11-14T06:09:18.0000000,6293.37,6293.38,2.62620891,0.7307717
11/14/2018 6:09:18,6293.37,6293.38,2.62620891,0.7307717,7324923114,11/14/2018 6:09:18,sell,0.00600963,6293.38000000
2018-11-14T06:09:18.0000000,6293.37,6293.38,2.62620891,0.7307717
2018-11-14T06:09:21.0000000,6293.37,6293.38,2.61694891,0.7307717
11/14/2018 6:09:21,6293.37,6293.38,2.61694891,0.7307717,7324923176,11/14/2018 6:09:21,buy,0.00926000,6293.37000000
2018-11-14T06:09:21.0000000,6293.37,6293.38,2.61694891,0.7307717
2018-11-14T06:09:26.0000000,6293.37,6293.38,2.61694891,0.723181
11/14/2018 6:09:26,6293.37,6293.38,2.61694891,0.723181,7324923344,11/14/2018 6:09:26,sell,0.00759070,6293.38000000
2018-11-14T06:09:26.0000000,6293.37,6293.38,2.61694891,0.723181
2018-11-14T06:09:28.0000000,6293.37,6293.38,1.157,0.723181
11/14/2018 6:09:28,6293.37,6293.38,1.157,0.723181,7324923391,11/14/2018 6:09:28,buy,1.45994891,6293.37000000
2018-11-14T06:09:28.0000000,6293.37,6293.38,1.157,0.723181
2018-11-14T06:09:28.0000000,6293.37,6293.38,1.07451891,0.723181
11/14/2018 6:09:28,6293.37,6293.38,1.07451891,0.723181,7324923393,11/14/2018 6:09:28,buy,0.08248109,6293.37000000
2018-11-14T06:09:28.0000000,6293.37,6293.38,1.07451891,0.723181
2018-11-14T06:09:32.0000000,6293.37,6293.38,1.07451891,0.71416734
11/14/2018 6:09:32,6293.37,6293.38,1.07451891,0.71416734,7324923570,11/14/2018 6:09:32,sell,0.00901366,6293.38000000
2018-11-14T06:09:32.0000000,6293.37,6293.38,1.07451891,0.71416734
2018-11-14T06:09:32.0000000,6293.37,6293.38,1.07451891,0.69487675
11/14/2018 6:09:32,6293.37,6293.38,1.07451891,0.69487675,7324923605,11/14/2018 6:09:32,sell,0.01929059,6293.38000000
2018-11-14T06:09:32.0000000,6293.37,6293.38,1.07451891,0.69487675
2018-11-14T06:09:33.0000000,6293.37,6293.38,1.07451891,0.68566546
11/14/2018 6:09:33,6293.37,6293.38,1.07451891,0.68566546,7324923644,11/14/2018 6:09:33,sell,0.00921129,6293.38000000
2018-11-14T06:09:33.0000000,6293.37,6293.38,1.07451891,0.68566546
2018-11-14T06:09:34.0000000,6293.37,6293.38,0.99467098,0.68566546
11/14/2018 6:09:34,6293.37,6293.38,0.99467098,0.68566546,7324923652,11/14/2018 6:09:34,buy,0.07984793,6293.37000000
2018-11-14T06:09:34.0000000,6293.37,6293.38,0.99467098,0.68566546
2018-11-14T06:09:39.0000000,6293.37,6293.38,0.157,0.68566546
2018-11-14T06:09:39.0000000,6293.37,6293.38,0.157,1.68566546
2018-11-14T06:09:39.0000000,6293.37,6293.38,0.157,4.18566546
2018-11-14T06:09:39.0000000,6293.37,6293.38,0,4.18566546
2018-11-14T06:09:39.0000000,6293.37,6293.38,0,3.59478145
2018-11-14T06:09:39.0000000,6293.37,6293.38,0,2.59478145
2018-11-14T06:09:41.0000000,6293.37,6293.38,0,2.59359
11/14/2018 6:09:41,6293.37,6293.38,0,2.59359,7324924072,11/14/2018 6:09:41,buy,0.00100000,6292.92000000
2018-11-14T06:09:41.0000000,6292.72,6292.93,0,2.59359
2018-11-14T06:09:42.0000000,6292.72,6292.93,0,1.00346262
2018-11-14T06:09:42.0000000,6292.72,6292.93,0.00174,1.00346262
11/14/2018 6:09:42,6292.72,6292.93,0.00174,1.00346262,7324924104,11/14/2018 6:09:42,buy,0.00826000,6292.72000000
2018-11-14T06:09:42.0000000,6292.72,6292.73,0.00174,1.00346262
2018-11-14T06:09:42.0000000,6292.72,6292.73,0,1.00346262
2018-11-14T06:09:42.0000000,6292.72,6292.73,0,0.74928884
2018-11-14T06:09:42.0000000,6292.72,6292.73,0,0.001
11/14/2018 6:09:43,6292.72,6292.73,0,0.001,7324924191,11/14/2018 6:09:43,sell,0.00166170,6292.63000000
2018-11-14T06:09:43.0000000,6292.62,6292.63,0,0.001
2018-11-14T06:09:44.0000000,6292.62,6292.63,0,2.72575211
2018-11-14T06:09:47.0000000,6292.62,6292.63,0,10.22575211
2018-11-14T06:09:47.0000000,6292.62,6292.63,0,11.22575211
2018-11-14T06:09:47.0000000,6292.62,6292.63,0,13.72575211
2018-11-14T06:09:51.0000000,6292.62,6292.63,0,13.72361584
11/14/2018 6:09:51,6292.62,6292.63,0,13.72361584,7324924516,11/14/2018 6:09:51,sell,0.00213627,6292.63000000
2018-11-14T06:09:51.0000000,6292.62,6292.63,0,13.72361584
2018-11-14T06:09:57.0000000,6292.62,6292.63,0,11.22361584
2018-11-14T06:09:57.0000000,6292.62,6292.63,2.712395,11.22361584
2018-11-14T06:09:57.0000000,6292.62,6292.63,2.712395,3.72361584
2018-11-14T06:09:57.0000000,6292.62,6292.63,2.712395,2.72361584
2018-11-14T06:09:57.0000000,6292.62,6292.63,3.712395,2.72361584
2018-11-14T06:09:58.0000000,6292.62,6292.63,3.712395,2.7077606
11/14/2018 6:09:58,6292.62,6292.63,3.712395,2.7077606,7324924939,11/14/2018 6:09:58,sell,0.01585524,6292.63000000
2018-11-14T06:09:58.0000000,6292.62,6292.63,3.712395,2.7077606
2018-11-14T06:09:58.0000000,6292.62,6292.63,3.712395,0.72741381
2018-11-14T06:09:58.0000000,6292.62,6292.63,3.712395,0.72641381
2018-11-14T06:09:58.0000000,6292.62,6292.63,4.07454317,0.72641381
2018-11-14T06:09:58.0000000,6292.62,6292.63,4.07454317,0.72483256
11/14/2018 6:09:58,6292.62,6292.63,4.07454317,0.72483256,7324924962,11/14/2018 6:09:58,sell,0.00158125,6292.63000000
2018-11-14T06:09:58.0000000,6292.62,6292.63,4.07454317,0.72483256
2018-11-14T06:10:01.0000000,6292.62,6292.63,4.07454317,0.72158941
11/14/2018 6:10:01,6292.62,6292.63,4.07454317,0.72158941,7324925095,11/14/2018 6:10:01,sell,0.00324315,6292.63000000
2018-11-14T06:10:01.0000000,6292.62,6292.63,4.07454317,0.72158941
2018-11-14T06:10:01.0000000,6292.62,6292.63,4.07454317,0.34144321
11/14/2018 6:10:01,6292.62,6292.63,4.07454317,0.34144321,7324925105,11/14/2018 6:10:01,sell,0.38014620,6292.63000000
2018-11-14T06:10:01.0000000,6292.62,6292.63,4.07454317,0.34144321
2018-11-14T06:10:01.0000000,6292.62,6292.63,5.07454317,0.34144321
2018-11-14T06:10:02.0000000,6292.62,6292.63,5.06528317,0.34144321
11/14/2018 6:10:02,6292.62,6292.63,5.06528317,0.34144321,7324925144,11/14/2018 6:10:02,buy,0.00926000,6292.62000000
2018-11-14T06:10:02.0000000,6292.62,6292.63,5.06528317,0.34144321
2018-11-14T06:10:03.0000000,6292.62,6292.63,5.06528317,0.34001867
11/14/2018 6:10:03,6292.62,6292.63,5.06528317,0.34001867,7324925193,11/14/2018 6:10:03,sell,0.00142454,6292.63000000
2018-11-14T06:10:03.0000000,6292.62,6292.63,5.06528317,0.34001867
2018-11-14T06:10:04.0000000,6292.62,6292.63,5.06528317,0.43260867
2018-11-14T06:10:08.0000000,6292.62,6292.63,5.06528317,0.40964848
11/14/2018 6:10:08,6292.62,6292.63,5.06528317,0.40964848,7324925421,11/14/2018 6:10:08,sell,0.02296019,6292.63000000
2018-11-14T06:10:08.0000000,6292.62,6292.63,5.06528317,0.40964848
2018-11-14T06:10:12.0000000,6292.62,6292.63,5.06528317,0.40253284
11/14/2018 6:10:12,6292.62,6292.63,5.06528317,0.40253284,7324925643,11/14/2018 6:10:12,sell,0.00711564,6292.63000000
2018-11-14T06:10:12.0000000,6292.62,6292.63,5.06528317,0.40253284
2018-11-14T06:10:15.0000000,6292.62,6292.63,5.06528317,0.39881531
11/14/2018 6:10:15,6292.62,6292.63,5.06528317,0.39881531,7324925799,11/14/2018 6:10:15,sell,0.00371753,6292.63000000
2018-11-14T06:10:15.0000000,6292.62,6292.63,5.06528317,0.39881531
2018-11-14T06:10:16.0000000,6292.62,6292.63,5.06528317,0.39059121
11/14/2018 6:10:16,6292.62,6292.63,5.06528317,0.39059121,7324925842,11/14/2018 6:10:16,sell,0.00822410,6292.63000000
2018-11-14T06:10:16.0000000,6292.62,6292.63,5.06528317,0.39059121
2018-11-14T06:10:18.0000000,6292.62,6292.63,5.06528317,0.31268913
11/14/2018 6:10:18,6292.62,6292.63,5.06528317,0.31268913,7324925917,11/14/2018 6:10:18,sell,0.07790208,6292.63000000
2018-11-14T06:10:18.0000000,6292.62,6292.63,5.06528317,0.31268913
2018-11-14T06:10:19.0000000,6292.62,6292.63,5.06528317,0.31647785
2018-11-14T06:10:21.0000000,6292.62,6292.63,5.05602317,0.31647785
11/14/2018 6:10:21,6292.62,6292.63,5.05602317,0.31647785,7324926061,11/14/2018 6:10:21,buy,0.00926000,6292.62000000
2018-11-14T06:10:21.0000000,6292.62,6292.63,5.05602317,0.31647785
2018-11-14T06:10:22.0000000,6292.62,6292.63,4.05602317,0.31647785
2018-11-14T06:10:22.0000000,6292.62,6292.63,3.05602317,0.31647785
2018-11-14T06:10:22.0000000,6292.62,6292.63,3.05602317,1.31647785
2018-11-14T06:10:22.0000000,6292.62,6292.63,3.05602317,0.31647785
2018-11-14T06:10:22.0000000,6292.62,6292.63,0.55602317,0.31647785
2018-11-14T06:10:22.0000000,6292.62,6292.63,1.55602317,0.31647785
2018-11-14T06:10:22.0000000,6292.62,6292.63,1.193875,0.31647785
2018-11-14T06:10:22.0000000,6292.62,6292.63,0.193875,0.31647785
2018-11-14T06:10:22.0000000,6292.62,6292.63,0.193875,1.31647785
2018-11-14T06:10:22.0000000,6292.62,6292.63,2.693875,1.31647785
2018-11-14T06:10:22.0000000,6292.62,6292.63,2.693875,8.81647785
2018-11-14T06:10:22.0000000,6292.62,6292.63,2.693875,1.31647785
2018-11-14T06:10:22.0000000,6292.62,6292.63,0.193875,1.31647785
2018-11-14T06:10:22.0000000,6292.62,6292.63,2.693875,1.31647785
2018-11-14T06:10:22.0000000,6292.62,6292.63,2.693875,0.31647785
2018-11-14T06:10:22.0000000,6292.62,6292.63,3.693875,0.31647785
2018-11-14T06:10:22.0000000,6292.62,6292.63,2.693875,0.31647785
2018-11-14T06:10:22.0000000,6292.62,6292.63,3.693875,0.31647785
2018-11-14T06:10:27.0000000,6292.62,6292.63,2.693875,0.31647785
2018-11-14T06:10:27.0000000,6292.62,6292.63,2.693875,1.31647785
2018-11-14T06:10:27.0000000,6292.62,6292.63,2.693875,0.31647785
2018-11-14T06:10:27.0000000,6292.62,6292.63,3.693875,0.31647785
2018-11-14T06:10:27.0000000,6292.62,6292.63,2.693875,0.31647785
2018-11-14T06:10:27.0000000,6292.62,6292.63,2.693875,1.31647785
2018-11-14T06:10:27.0000000,6292.62,6292.63,2.693875,0.31647785
2018-11-14T06:10:27.0000000,6292.62,6292.63,3.693875,0.31647785
2018-11-14T06:10:29.0000000,6292.62,6292.63,2.693875,0.31647785
2018-11-14T06:10:29.0000000,6292.62,6292.63,3.693875,0.31647785
2018-11-14T06:10:29.0000000,6292.62,6292.63,2.693875,0.31647785
2018-11-14T06:10:29.0000000,6292.62,6292.63,2.693875,1.31647785
2018-11-14T06:10:30.0000000,6292.62,6292.63,0.193875,1.31647785
2018-11-14T06:10:30.0000000,6292.62,6292.63,0.193875,3.81647785
2018-11-14T06:10:30.0000000,6292.62,6292.63,0.193875,1.31647785
2018-11-14T06:10:30.0000000,6292.62,6292.63,0.193875,3.81647785
2018-11-14T06:10:30.0000000,6292.62,6292.63,0.193875,3.81747785
2018-11-14T06:10:30.0000000,6292.62,6292.63,0.193875,4.81747785
2018-11-14T06:10:37.0000000,6292.62,6292.63,0.193875,2.31747785
2018-11-14T06:10:37.0000000,6292.62,6292.63,0.193875,4.31747785
2018-11-14T06:10:37.0000000,6292.62,6292.63,0.193875,3.31747785
2018-11-14T06:10:37.0000000,6292.62,6292.63,1.193875,3.31747785
2018-11-14T06:10:37.0000000,6292.62,6292.63,1.193875,5.81747785
2018-11-14T06:10:37.0000000,6292.62,6292.63,1.193875,6.81747785
2018-11-14T06:10:37.0000000,6292.62,6292.63,0.193875,6.81747785
2018-11-14T06:10:37.0000000,6292.62,6292.63,2.693875,6.81747785
2018-11-14T06:10:37.0000000,6292.62,6292.63,2.693875,4.31747785
2018-11-14T06:10:37.0000000,6292.62,6292.63,0.193875,4.31747785
2018-11-14T06:10:37.0000000,6292.62,6292.63,0.193875,3.31747785
2018-11-14T06:10:37.0000000,6292.62,6292.63,1.193875,3.31747785
2018-11-14T06:10:37.0000000,6292.62,6292.63,1.193875,5.81747785
2018-11-14T06:10:37.0000000,6292.62,6292.63,1.193875,6.81747785
2018-11-14T06:10:37.0000000,6292.62,6292.63,0.193875,6.81747785
2018-11-14T06:10:37.0000000,6292.62,6292.63,2.693875,6.81747785
2018-11-14T06:10:37.0000000,6292.62,6292.63,2.693875,5.81747785
2018-11-14T06:10:37.0000000,6292.62,6292.63,2.693875,3.31747785
2018-11-14T06:10:37.0000000,6292.62,6292.63,0.193875,3.31747785
2018-11-14T06:10:37.0000000,6292.62,6292.63,1.193875,3.31747785
2018-11-14T06:10:37.0000000,6292.62,6292.63,3.693875,3.31747785
2018-11-14T06:10:37.0000000,6292.62,6292.63,2.693875,3.31747785
2018-11-14T06:10:37.0000000,6292.62,6292.63,2.693875,3.31647785
2018-11-14T06:10:37.0000000,6292.62,6292.63,3.693875,3.31647785
2018-11-14T06:10:37.0000000,6292.62,6292.63,4.693875,3.31647785
2018-11-14T06:10:37.0000000,6292.62,6292.63,4.693875,2.31647785
2018-11-14T06:10:38.0000000,6292.62,6292.63,5.003875,2.31647785
2018-11-14T06:10:41.0000000,6292.62,6292.63,4.994615,2.31647785
11/14/2018 6:10:41,6292.62,6292.63,4.994615,2.31647785,7324927318,11/14/2018 6:10:41,buy,0.00926000,6292.62000000
2018-11-14T06:10:41.0000000,6292.62,6292.63,4.994615,2.31647785
2018-11-14T06:10:41.0000000,6292.62,6292.63,5.151615,2.31647785
2018-11-14T06:10:42.0000000,6292.62,6292.63,5.151615,2.31307657
11/14/2018 6:10:42,6292.62,6292.63,5.151615,2.31307657,7324927343,11/14/2018 6:10:42,sell,0.00340128,6292.63000000
2018-11-14T06:10:42.0000000,6292.62,6292.63,5.151615,2.31307657
2018-11-14T06:10:43.0000000,6292.62,6292.63,5.151615,2.23107904
11/14/2018 6:10:43,6292.62,6292.63,5.151615,2.23107904,7324927395,11/14/2018 6:10:43,sell,0.08199753,6292.63000000
2018-11-14T06:10:43.0000000,6292.62,6292.63,5.151615,2.23107904
2018-11-14T06:10:43.0000000,6292.62,6292.63,5.151615,0.23107904
2018-11-14T06:10:43.0000000,6292.62,6292.63,5.52961841,0.23107904
2018-11-14T06:10:48.0000000,6292.62,6292.63,6.52961841,0.23107904
2018-11-14T06:10:49.0000000,6292.62,6292.63,5.52961841,0.23107904
2018-11-14T06:10:56.0000000,6292.62,6292.63,5.52961841,0.21969243
11/14/2018 6:10:56,6292.62,6292.63,5.52961841,0.21969243,7324928048,11/14/2018 6:10:56,sell,0.01138661,6292.63000000
2018-11-14T06:10:56.0000000,6292.62,6292.63,5.52961841,0.21969243
2018-11-14T06:10:57.0000000,6292.62,6292.63,5.52961841,0.21210083
11/14/2018 6:10:57,6292.62,6292.63,5.52961841,0.21210083,7324928122,11/14/2018 6:10:57,sell,0.00759160,6292.63000000
2018-11-14T06:10:57.0000000,6292.62,6292.63,5.52961841,0.21210083
2018-11-14T06:10:58.0000000,6292.62,6292.63,5.52961841,0.2083833
11/14/2018 6:10:58,6292.62,6292.63,5.52961841,0.2083833,7324928176,11/14/2018 6:10:58,sell,0.00371753,6292.63000000
2018-11-14T06:10:58.0000000,6292.62,6292.63,5.52961841,0.2083833
2018-11-14T06:10:59.0000000,6292.62,6292.63,4.52961841,0.2083833
2018-11-14T06:11:01.0000000,6292.62,6292.63,5.52961841,0.2083833
2018-11-14T06:11:02.0000000,6292.62,6292.63,4.52961841,0.2083833
2018-11-14T06:11:07.0000000,6292.62,6292.63,4.34500341,0.2083833
11/14/2018 6:11:07,6292.62,6292.63,4.34500341,0.2083833,7324928527,11/14/2018 6:11:07,buy,0.18461500,6292.62000000
2018-11-14T06:11:07.0000000,6292.62,6292.63,4.34500341,0.2083833
2018-11-14T06:11:07.0000000,6292.62,6292.63,3.8647349,0.2083833
11/14/2018 6:11:07,6292.62,6292.63,3.8647349,0.2083833,7324928529,11/14/2018 6:11:07,buy,0.48026851,6292.62000000
2018-11-14T06:11:07.0000000,6292.62,6292.63,3.8647349,0.2083833
2018-11-14T06:11:08.0000000,6292.62,6292.63,3.8647349,0.18633429
11/14/2018 6:11:08,6292.62,6292.63,3.8647349,0.18633429,7324928572,11/14/2018 6:11:08,sell,0.02204901,6292.63000000
2018-11-14T06:11:08.0000000,6292.62,6292.63,3.8647349,0.18633429
2018-11-14T06:11:10.0000000,6292.62,6292.63,3.8647349,0.17621268
11/14/2018 6:11:10,6292.62,6292.63,3.8647349,0.17621268,7324928681,11/14/2018 6:11:10,sell,0.01012161,6292.63000000
2018-11-14T06:11:10.0000000,6292.62,6292.63,3.8647349,0.17621268
2018-11-14T06:11:15.0000000,6292.62,6292.63,3.85716178,0.17621268
11/14/2018 6:11:15,6292.62,6292.63,3.85716178,0.17621268,7324928862,11/14/2018 6:11:15,buy,0.00757312,6292.62000000
2018-11-14T06:11:15.0000000,6292.62,6292.63,3.85716178,0.17621268
2018-11-14T06:11:20.0000000,6292.62,6292.63,4.85716178,0.17621268
2018-11-14T06:11:22.0000000,6292.62,6292.63,4.85716178,0.16482607
11/14/2018 6:11:22,6292.62,6292.63,4.85716178,0.16482607,7324929134,11/14/2018 6:11:22,sell,0.01138661,6292.63000000
2018-11-14T06:11:22.0000000,6292.62,6292.63,4.85716178,0.16482607
2018-11-14T06:11:22.0000000,6292.62,6292.63,4.84790178,0.16482607
11/14/2018 6:11:22,6292.62,6292.63,4.84790178,0.16482607,7324929143,11/14/2018 6:11:22,buy,0.00926000,6292.62000000
2018-11-14T06:11:22.0000000,6292.62,6292.63,4.84790178,0.16482607
2018-11-14T06:11:23.0000000,6292.62,6292.63,4.53790178,0.16482607
2018-11-14T06:11:27.0000000,6292.62,6292.63,4.76990178,0.16482607
2018-11-14T06:11:29.0000000,6292.62,6292.63,4.60220114,0.16482607
11/14/2018 6:11:29,6292.62,6292.63,4.60220114,0.16482607,7324929318,11/14/2018 6:11:29,buy,0.16770064,6292.62000000
2018-11-14T06:11:29.0000000,6292.62,6292.63,4.60220114,0.16482607
2018-11-14T06:11:33.0000000,6292.62,6292.63,4.60220114,0.12087107
11/14/2018 6:11:33,6292.62,6292.63,4.60220114,0.12087107,7324929467,11/14/2018 6:11:33,sell,0.04395500,6292.63000000
2018-11-14T06:11:33.0000000,6292.62,6292.63,4.60220114,0.12087107
2018-11-14T06:11:37.0000000,6292.62,6292.63,4.60220114,0.09757032
11/14/2018 6:11:37,6292.62,6292.63,4.60220114,0.09757032,7324929556,11/14/2018 6:11:37,sell,0.02330075,6292.63000000
2018-11-14T06:11:37.0000000,6292.62,6292.63,4.60220114,0.09757032
2018-11-14T06:11:37.0000000,6292.62,6292.63,4.60220114,0.09637872
11/14/2018 6:11:37,6292.62,6292.63,4.60220114,0.09637872,7324929558,11/14/2018 6:11:37,sell,0.00119160,6292.63000000
2018-11-14T06:11:37.0000000,6292.62,6292.63,4.60220114,0.09637872
2018-11-14T06:11:37.0000000,6292.62,6292.63,4.60220114,0.07069154
11/14/2018 6:11:37,6292.62,6292.63,4.60220114,0.07069154,7324929560,11/14/2018 6:11:37,sell,0.02568718,6292.63000000
2018-11-14T06:11:37.0000000,6292.62,6292.63,4.60220114,0.07069154
2018-11-14T06:11:39.0000000,6292.62,6292.63,4.37020114,0.07069154
2018-11-14T06:11:39.0000000,6292.62,6292.63,4.37020114,0.07236004
2018-11-14T06:11:42.0000000,6292.62,6292.63,4.36351114,0.07236004
11/14/2018 6:11:42,6292.62,6292.63,4.36351114,0.07236004,7324929775,11/14/2018 6:11:42,buy,0.00669000,6292.62000000
2018-11-14T06:11:42.0000000,6292.62,6292.63,4.36351114,0.07236004
2018-11-14T06:11:43.0000000,6292.62,6292.63,4.43851114,0.07236004
2018-11-14T06:11:43.0000000,6292.62,6292.63,4.43851114,0.00545722
2018-11-14T06:11:44.0000000,6292.62,6292.63,4.43851114,0.09804722
2018-11-14T06:11:44.0000000,6292.62,6292.63,4.43725265,0.09804722
11/14/2018 6:11:44,6292.62,6292.63,4.43725265,0.09804722,7324929846,11/14/2018 6:11:44,buy,0.00125849,6292.62000000
2018-11-14T06:11:44.0000000,6292.62,6292.63,4.43725265,0.09804722
2018-11-14T06:11:47.0000000,6292.62,6292.63,3.43725265,0.09804722
2018-11-14T06:11:50.0000000,6292.62,6292.63,1.61000341,0.09804722
2018-11-14T06:11:50.0000000,6292.62,6292.63,1.61000341,2.59804722
2018-11-14T06:11:50.0000000,6292.62,6292.63,1.61000341,0.09804722
2018-11-14T06:11:50.0000000,6292.62,6292.63,0.61000341,0.09804722
2018-11-14T06:11:50.0000000,6292.62,6292.63,0.45300341,0.09804722
2018-11-14T06:11:50.0000000,6292.62,6292.63,0.45300341,0.83823602
2018-11-14T06:11:50.0000000,6292.62,6292.63,0.45300341,1.83823602
2018-11-14T06:11:50.0000000,6292.62,6292.63,0.45300341,4.33823602
2018-11-14T06:11:50.0000000,6292.62,6292.63,0.45300341,3.33823602
2018-11-14T06:11:50.0000000,6292.62,6292.63,1.45300341,3.33823602
2018-11-14T06:11:50.0000000,6292.62,6292.63,1.45300341,0.83823602
2018-11-14T06:11:50.0000000,6292.62,6292.63,1.075,0.83823602
2018-11-14T06:11:50.0000000,6292.62,6292.63,0.075,0.83823602
2018-11-14T06:11:50.0000000,6292.62,6292.63,0.075,1.83823602
2018-11-14T06:11:50.0000000,6292.62,6292.63,0.075,4.33823602
2018-11-14T06:11:50.0000000,6292.62,6292.63,0.075,3.33823602
2018-11-14T06:11:50.0000000,6292.62,6292.63,1.075,3.33823602
2018-11-14T06:11:50.0000000,6292.62,6292.63,1.075,3.33923602
2018-11-14T06:11:50.0000000,6292.62,6292.63,0.075,3.33923602
2018-11-14T06:11:50.0000000,6292.62,6292.63,1.075,3.33923602
2018-11-14T06:11:50.0000000,6292.62,6292.63,1.075,4.33923602
2018-11-14T06:11:50.0000000,6292.62,6292.63,1.075,4.33823602
2018-11-14T06:11:50.0000000,6292.62,6292.63,0.075,4.33823602
2018-11-14T06:11:50.0000000,6292.62,6292.63,0.075,3.33823602
2018-11-14T06:11:50.0000000,6292.62,6292.63,0.075,3.33923602
2018-11-14T06:11:50.0000000,6292.62,6292.63,0.075,4.33923602
2018-11-14T06:11:50.0000000,6292.62,6292.63,0.075,5.33923602
2018-11-14T06:11:51.0000000,6292.62,6292.63,0.075,12.83923602
2018-11-14T06:11:52.0000000,6292.62,6292.63,0.03451,12.83923602
11/14/2018 6:11:52,6292.62,6292.63,0.03451,12.83923602,7324930458,11/14/2018 6:11:52,buy,0.04049000,6292.62000000
2018-11-14T06:11:52.0000000,6292.62,6292.63,0.03451,12.83923602
2018-11-14T06:11:52.0000000,6292.62,6292.63,0,12.83923602
2018-11-14T06:11:52.0000000,6292.62,6292.63,0,5.33923602
2018-11-14T06:11:52.0000000,6292.62,6292.63,0,7.33923602
2018-11-14T06:11:52.0000000,6292.62,6292.63,0,5.33923602
2018-11-14T06:11:53.0000000,6292.62,6292.63,0,4.59904722
11/14/2018 6:11:53,6292.62,6292.63,0,4.59904722,7324930534,11/14/2018 6:11:53,sell,0.00197815,6292.52000000
2018-11-14T06:11:53.0000000,6292.51,6292.52,0,4.59904722
2018-11-14T06:11:53.0000000,6292.51,6292.52,0,12.99902185
2018-11-14T06:11:53.0000000,6292.51,6292.52,0,5.49902185
2018-11-14T06:11:53.0000000,6292.51,6292.52,0,12.99902185
2018-11-14T06:11:54.0000000,6292.51,6292.52,0,13.78525333
2018-11-14T06:11:54.0000000,6292.51,6292.52,0,17.75625333
2018-11-14T06:11:55.0000000,6292.51,6292.52,0,13.78525333
2018-11-14T06:11:55.0000000,6292.51,6292.52,0,6.28525333
2018-11-14T06:11:55.0000000,6292.51,6292.52,0,6.28525333
2018-11-14T06:11:55.0000000,6292.51,6292.52,0,4.28723148
2018-11-14T06:11:55.0000000,6292.51,6292.52,0,4.28623148
11/14/2018 6:11:55,6292.51,6292.52,0,4.28623148,7324930660,11/14/2018 6:11:55,sell,0.00100000,6292.52000000
2018-11-14T06:11:55.0000000,6292.48,6292.52,0,4.28623148
2018-11-14T06:11:55.0000000,6292.48,6292.52,0,4.27625833
11/14/2018 6:11:55,6292.48,6292.52,0,4.27625833,7324930662,11/14/2018 6:11:55,sell,0.00997315,6292.52000000
2018-11-14T06:11:55.0000000,6292.48,6292.52,0,4.27625833
2018-11-14T06:11:55.0000000,6292.48,6292.52,0,4.2793571
2018-11-14T06:11:55.0000000,6292.48,6292.52,0,3.49312562
2018-11-14T06:12:00.0000000,6292.48,6292.52,0.036,3.49312562
2018-11-14T06:12:02.0000000,6292.48,6292.52,0.035,3.49312562
11/14/2018 6:12:02,6292.48,6292.52,0.035,3.49312562,7324931156,11/14/2018 6:12:02,buy,0.00100000,6292.48000000
2018-11-14T06:12:02.0000000,6292.48,6292.49,0.035,3.49312562
2018-11-14T06:12:02.0000000,6292.48,6292.49,0.02674,3.49312562
11/14/2018 6:12:02,6292.48,6292.49,0.02674,3.49312562,7324931158,11/14/2018 6:12:02,buy,0.00826000,6292.48000000
2018-11-14T06:12:02.0000000,6292.48,6292.49,0,3.49312562
2018-11-14T06:12:02.0000000,6292.48,6292.49,0.8,3.49312562
2018-11-14T06:12:02.0000000,6292.48,6292.49,0.8,12.94314769
2018-11-14T06:12:02.0000000,6290.99,6292.48,0.8,12.94314769
2018-11-14T06:12:02.0000000,6290.99,6292.48,0.8,0
11/14/2018 6:12:07,6290.99,6292.48,0.8,0,7324931765,11/14/2018 6:12:07,sell,0.00246334,6291.55000000
2018-11-14T06:12:07.0000000,6291.43,6291.55,0.8,0
2018-11-14T06:12:07.0000000,6291.43,6291.55,0.8,0.97908103
11/14/2018 6:12:07,6291.43,6291.55,0.8,0.97908103,7324931767,11/14/2018 6:12:07,sell,0.06260042,6291.55000000
2018-11-14T06:12:07.0000000,6291.43,6291.55,0.8,0.97908103
2018-11-14T06:12:07.0000000,6291.43,6291.55,0.8,0.97808103
2018-11-14T06:12:07.0000000,6291.43,6291.55,0.8,0
11/14/2018 6:12:08,6291.43,6291.55,0.8,0,7324931999,11/14/2018 6:12:08,sell,0.00862273,6291.91000000
2018-11-14T06:12:08.0000000,6291.9,6291.91,0.8,0
2018-11-14T06:12:08.0000000,6291.9,6291.91,0.8,4.49256893
2018-11-14T06:12:08.0000000,6291.9,6291.91,0.8,11.99256893
2018-11-14T06:12:08.0000000,6291.9,6291.91,0.8,12.94093549
2018-11-14T06:12:08.0000000,6291.9,6291.91,0.8,5.44093549
2018-11-14T06:12:09.0000000,6291.9,6291.91,0.8,12.94093549
2018-11-14T06:12:09.0000000,6291.9,6291.91,0.8,5.44093549
2018-11-14T06:12:09.0000000,6291.9,6291.91,0.8,12.94093549
2018-11-14T06:12:09.0000000,6291.9,6291.91,0.8,5.44093549
2018-11-14T06:12:09.0000000,6291.9,6291.91,0.8,12.94093549
2018-11-14T06:12:09.0000000,6291.9,6291.91,0.8,5.44093549
2018-11-14T06:12:09.0000000,6291.9,6291.91,0.8,12.94093549
2018-11-14T06:12:09.0000000,6291.9,6291.91,0.8,5.44093549
2018-11-14T06:12:09.0000000,6291.9,6291.91,0.8,12.94093549
2018-11-14T06:12:09.0000000,6291.9,6291.91,0.8,5.44093549
2018-11-14T06:12:10.0000000,6291.9,6291.91,0.00229932,5.44093549
2018-11-14T06:12:10.0000000,6291.9,6291.91,0.02829932,5.44093549
2018-11-14T06:12:11.0000000,6291.9,6291.91,0.02829932,2.94093549
2018-11-14T06:12:22.0000000,6291.9,6291.91,0.02729932,2.94093549
11/14/2018 6:12:22,6291.9,6291.91,0.02729932,2.94093549,7324932558,11/14/2018 6:12:22,buy,0.00100000,6291.90000000
2018-11-14T06:12:22.0000000,6291.9,6291.91,0.02729932,2.94093549
2018-11-14T06:12:22.0000000,6291.9,6291.91,0.026,2.94093549
11/14/2018 6:12:22,6291.9,6291.91,0.026,2.94093549,7324932560,11/14/2018 6:12:22,buy,0.00129932,6291.90000000
2018-11-14T06:12:22.0000000,6291.9,6291.91,0.01903932,2.94093549
11/14/2018 6:12:22,6291.9,6291.91,0.01903932,2.94093549,7324932562,11/14/2018 6:12:22,buy,0.00696068,6291.90000000
2018-11-14T06:12:22.0000000,6291.9,6291.91,0.01903932,2.94093549
2018-11-14T06:12:23.0000000,6291.9,6291.91,0.01903932,10.44093549
2018-11-14T06:12:23.0000000,6291.9,6291.91,0.01903932,2.94093549
2018-11-14T06:12:23.0000000,6291.9,6291.91,0.01903932,10.44093549
2018-11-14T06:12:23.0000000,6291.9,6291.91,0.01903932,2.94093549
2018-11-14T06:12:23.0000000,6291.9,6291.91,0.01903932,5.44093549
2018-11-14T06:12:23.0000000,6291.9,6291.91,0.01903932,12.94093549
2018-11-14T06:12:23.0000000,6291.9,6291.91,0.01903932,5.44093549
2018-11-14T06:12:23.0000000,6291.9,6291.91,0.01903932,12.94093549
2018-11-14T06:12:23.0000000,6291.9,6291.91,0.01903932,5.44093549
2018-11-14T06:12:23.0000000,6291.9,6291.91,0.01903932,6.44093549
2018-11-14T06:12:23.0000000,6291.9,6291.91,0.01903932,5.44093549
2018-11-14T06:12:23.0000000,6291.9,6291.91,0.01903932,12.94093549
2018-11-14T06:12:23.0000000,6291.9,6291.91,0.01903932,5.44093549
2018-11-14T06:12:23.0000000,6291.9,6291.91,0.01903932,6.44093549
2018-11-14T06:12:23.0000000,6291.9,6291.91,0.01903932,5.44093549
2018-11-14T06:12:23.0000000,6291.9,6291.91,0.01903932,12.94093549
2018-11-14T06:12:23.0000000,6291.9,6291.91,0.01903932,5.44093549
2018-11-14T06:12:23.0000000,6291.9,6291.91,0.01903932,6.44093549
2018-11-14T06:12:23.0000000,6291.9,6291.91,0.01903932,5.44093549
2018-11-14T06:12:23.0000000,6291.9,6291.91,0.01903932,12.94093549
2018-11-14T06:12:23.0000000,6291.9,6291.91,0.01903932,13.94093549
2018-11-14T06:12:23.0000000,6291.9,6291.91,0.01903932,6.44093549
2018-11-14T06:12:23.0000000,6291.9,6291.91,0.01903932,5.44093549
2018-11-14T06:12:23.0000000,6291.9,6291.91,0.01903932,12.94093549
2018-11-14T06:12:23.0000000,6291.9,6291.91,0.01903932,13.94093549
2018-11-14T06:12:23.0000000,6291.9,6291.91,0.01903932,6.44093549
2018-11-14T06:12:23.0000000,6291.9,6291.91,0.01903932,6.53352549
2018-11-14T06:12:23.0000000,6291.9,6291.91,0.01903932,5.53352549
2018-11-14T06:12:24.0000000,6291.9,6291.91,0.01903932,13.03352549
2018-11-14T06:12:24.0000000,6291.9,6291.91,0.01903932,5.53352549
2018-11-14T06:12:24.0000000,6291.9,6291.91,0.01903932,6.53352549
2018-11-14T06:12:24.0000000,6291.9,6291.91,0.01903932,5.53352549
2018-11-14T06:12:24.0000000,6291.9,6291.91,0.01903932,13.03352549
2018-11-14T06:12:24.0000000,6291.9,6291.91,0.01903932,5.53352549
2018-11-14T06:12:24.0000000,6291.9,6291.91,0.01903932,6.53352549
2018-11-14T06:12:24.0000000,6291.9,6291.91,0.01903932,14.03352549
2018-11-14T06:12:24.0000000,6291.9,6291.91,0.01903932,13.03352549
2018-11-14T06:12:24.0000000,6291.9,6291.91,0.01903932,14.03352549
2018-11-14T06:12:24.0000000,6291.9,6291.91,0.01903932,6.53352549
2018-11-14T06:12:24.0000000,6291.9,6291.91,0.01903932,5.53352549
2018-11-14T06:12:24.0000000,6291.9,6291.91,0.01903932,13.03352549
2018-11-14T06:12:24.0000000,6291.9,6291.91,0.01903932,5.53352549
2018-11-14T06:12:24.0000000,6291.9,6291.91,0.01903932,6.53352549
2018-11-14T06:12:24.0000000,6291.9,6291.91,0.01903932,5.53352549
2018-11-14T06:12:24.0000000,6291.9,6291.91,0.01903932,13.03352549
2018-11-14T06:12:24.0000000,6291.9,6291.91,0.01903932,14.03352549
2018-11-14T06:12:24.0000000,6291.9,6291.91,0.01903932,6.53352549
2018-11-14T06:12:24.0000000,6291.9,6291.91,0.01903932,5.53352549
2018-11-14T06:12:24.0000000,6291.9,6291.91,0.01903932,13.03352549
2018-11-14T06:12:24.0000000,6291.9,6291.91,0.01903932,5.53352549
2018-11-14T06:12:24.0000000,6291.9,6291.91,0.01903932,6.53352549
2018-11-14T06:12:24.0000000,6291.9,6291.91,0.01903932,5.53352549
2018-11-14T06:12:24.0000000,6291.9,6291.91,0.01903932,13.03352549
2018-11-14T06:12:24.0000000,6291.9,6291.91,0.01903932,5.53352549
2018-11-14T06:12:24.0000000,6291.9,6291.91,0.01903932,13.03352549
2018-11-14T06:12:24.0000000,6291.9,6291.91,0.01903932,5.53352549
2018-11-14T06:12:24.0000000,6291.9,6291.91,0.01903932,6.53352549
2018-11-14T06:12:24.0000000,6291.9,6291.91,0.01903932,5.53352549
2018-11-14T06:12:24.0000000,6291.9,6291.91,0.01903932,13.03352549
2018-11-14T06:12:24.0000000,6291.9,6291.91,0.01903932,5.53352549
2018-11-14T06:12:24.0000000,6291.9,6291.91,0.01903932,13.03352549
2018-11-14T06:12:24.0000000,6291.9,6291.91,0.01903932,14.03352549
2018-11-14T06:12:24.0000000,6291.9,6291.91,0.01903932,6.53352549
2018-11-14T06:12:24.0000000,6291.9,6291.91,0.01903932,5.53352549
2018-11-14T06:12:24.0000000,6291.9,6291.91,0.01903932,13.03352549
2018-11-14T06:12:24.0000000,6291.9,6291.91,0.01903932,5.53352549
2018-11-14T06:12:24.0000000,6291.9,6291.91,0.01903932,6.53352549
2018-11-14T06:12:24.0000000,6291.9,6291.91,0.01903932,5.53352549
2018-11-14T06:12:24.0000000,6291.9,6291.91,0.01903932,13.03352549
2018-11-14T06:12:24.0000000,6291.9,6291.91,0.01903932,14.03352549
2018-11-14T06:12:24.0000000,6291.9,6291.91,0.01903932,6.53352549
2018-11-14T06:12:24.0000000,6291.9,6291.91,0.01903932,5.53352549
2018-11-14T06:12:24.0000000,6291.9,6291.91,0.01903932,13.03352549
2018-11-14T06:12:24.0000000,6291.9,6291.91,0.01903932,5.53352549
2018-11-14T06:12:24.0000000,6291.9,6291.91,0.01903932,6.53352549
2018-11-14T06:12:24.0000000,6291.9,6291.91,1.01903932,6.53352549
2018-11-14T06:12:25.0000000,6291.9,6291.91,1.01903932,5.53352549
2018-11-14T06:12:25.0000000,6291.9,6291.91,1.01903932,13.03352549
2018-11-14T06:12:25.0000000,6291.9,6291.91,1.01903932,5.53352549
2018-11-14T06:12:25.0000000,6291.9,6291.91,0.01903932,5.53352549
2018-11-14T06:12:25.0000000,6291.9,6291.91,0.01903932,6.53352549
2018-11-14T06:12:25.0000000,6291.9,6291.91,1.01903932,6.53352549
2018-11-14T06:12:25.0000000,6291.9,6291.91,1.01903932,5.53352549
2018-11-14T06:12:25.0000000,6291.9,6291.91,1.0152506,5.53352549
11/14/2018 6:12:25,6291.9,6291.91,1.0152506,5.53352549,7324932983,11/14/2018 6:12:25,buy,0.00378872,6291.90000000
2018-11-14T06:12:25.0000000,6291.9,6291.91,1.0152506,5.53352549
2018-11-14T06:12:27.0000000,6291.9,6291.91,1.2652506,5.53352549
2018-11-14T06:12:29.0000000,6291.9,6291.91,1.2652506,5.52980754
11/14/2018 6:12:29,6291.9,6291.91,1.2652506,5.52980754,7324933128,11/14/2018 6:12:29,sell,0.00371795,6291.91000000
2018-11-14T06:12:29.0000000,6291.9,6291.91,1.2652506,5.52980754
2018-11-14T06:12:30.0000000,6291.9,6291.91,1.2652506,3.02980754
2018-11-14T06:12:30.0000000,6291.9,6291.91,1.2652506,1.04214822
2018-11-14T06:12:31.0000000,6291.9,6291.91,1.2652506,8.54214822
2018-11-14T06:12:32.0000000,6291.9,6291.91,1.2652506,11.04214822
2018-11-14T06:12:34.0000000,6291.9,6291.91,1.2652506,8.54214822
2018-11-14T06:12:39.0000000,6291.9,6291.91,1.2652506,8.54095656
11/14/2018 6:12:39,6291.9,6291.91,1.2652506,8.54095656,7324933480,11/14/2018 6:12:39,sell,0.00119166,6291.91000000
2018-11-14T06:12:39.0000000,6291.9,6291.91,1.2652506,8.54095656
2018-11-14T06:12:39.0000000,6291.9,6291.91,1.2652506,8.52085736
11/14/2018 6:12:39,6291.9,6291.91,1.2652506,8.52085736,7324933482,11/14/2018 6:12:39,sell,0.02009920,6291.91000000
2018-11-14T06:12:39.0000000,6291.9,6291.91,1.2652506,8.52085736
2018-11-14T06:12:39.0000000,6291.9,6291.91,1.2652506,11.02085736
2018-11-14T06:12:40.0000000,6291.9,6291.91,1.2652506,11.02220785
2018-11-14T06:12:41.0000000,6291.9,6291.91,1.2559906,11.02220785
11/14/2018 6:12:41,6291.9,6291.91,1.2559906,11.02220785,7324933589,11/14/2018 6:12:41,buy,0.00926000,6291.90000000
2018-11-14T06:12:41.0000000,6291.9,6291.91,1.2559906,11.02220785
2018-11-14T06:12:42.0000000,6291.9,6291.91,1.25,11.02220785
2018-11-14T06:12:46.0000000,6291.9,6291.91,0.25,11.02220785
2018-11-14T06:12:46.0000000,6291.9,6291.91,0.25,12.02220785
2018-11-14T06:12:47.0000000,6291.9,6291.91,0.25,11.02220785
2018-11-14T06:12:47.0000000,6291.9,6291.91,1.25,11.02220785
2018-11-14T06:12:47.0000000,6291.9,6291.91,1.25,8.52220785
2018-11-14T06:12:48.0000000,6291.9,6291.91,0.25,8.52220785
2018-11-14T06:12:48.0000000,6291.9,6291.91,0.25,9.52220785
2018-11-14T06:12:48.0000000,6291.9,6291.91,0.25,12.02220785
2018-11-14T06:12:51.0000000,6291.9,6291.91,0.25,11.02220785
2018-11-14T06:12:51.0000000,6291.9,6291.91,1.25,11.02220785
2018-11-14T06:12:51.0000000,6291.9,6291.91,0.25,11.02220785
2018-11-14T06:12:51.0000000,6291.9,6291.91,0.25,12.02220785
2018-11-14T06:12:54.0000000,6291.9,6291.91,0.25,11.02220785
2018-11-14T06:12:54.0000000,6291.9,6291.91,1.25,11.02220785
2018-11-14T06:12:54.0000000,6291.9,6291.91,0.25,11.02220785
2018-11-14T06:12:54.0000000,6291.9,6291.91,0.25,12.02220785
2018-11-14T06:12:55.0000000,6291.9,6291.91,0.21081664,12.02220785
11/14/2018 6:12:55,6291.9,6291.91,0.21081664,12.02220785,7324933971,11/14/2018 6:12:55,buy,0.03918336,6291.90000000
2018-11-14T06:12:55.0000000,6291.9,6291.91,0.21081664,12.02220785
2018-11-14T06:12:55.0000000,6291.9,6291.91,0.21081664,14.02220785
2018-11-14T06:13:01.0000000,6291.9,6291.91,0.20921931,14.02220785
11/14/2018 6:13:01,6291.9,6291.91,0.20921931,14.02220785,7324934166,11/14/2018 6:13:01,buy,0.00159733,6291.90000000
2018-11-14T06:13:01.0000000,6291.9,6291.91,0.20921931,14.02220785
2018-11-14T06:13:02.0000000,6291.9,6291.91,0.19995931,14.02220785
11/14/2018 6:13:02,6291.9,6291.91,0.19995931,14.02220785,7324934218,11/14/2018 6:13:02,buy,0.00926000,6291.90000000
2018-11-14T06:13:02.0000000,6291.9,6291.91,0.19995931,14.02220785
2018-11-14T06:13:05.0000000,6291.9,6291.91,0.19995931,14.02007133
11/14/2018 6:13:05,6291.9,6291.91,0.19995931,14.02007133,7324934303,11/14/2018 6:13:05,sell,0.00213652,6291.91000000
2018-11-14T06:13:05.0000000,6291.9,6291.91,0.19995931,14.02007133
2018-11-14T06:13:09.0000000,6291.9,6291.91,0.19995931,14.01864646
11/14/2018 6:13:09,6291.9,6291.91,0.19995931,14.01864646,7324934409,11/14/2018 6:13:09,sell,0.00142487,6291.91000000
2018-11-14T06:13:09.0000000,6291.9,6291.91,0.19995931,14.01864646
2018-11-14T06:13:12.0000000,6291.9,6291.91,0.19995931,13.01864646
2018-11-14T06:13:12.0000000,6291.9,6291.91,1.19995931,13.01864646
2018-11-14T06:13:12.0000000,6291.9,6291.91,0.19995931,13.01864646
2018-11-14T06:13:13.0000000,6291.9,6291.91,0.19995931,14.01864646
2018-11-14T06:13:13.0000000,6291.9,6291.91,0.19995931,13.01864646
2018-11-14T06:13:13.0000000,6291.9,6291.91,1.19995931,13.01864646
2018-11-14T06:13:13.0000000,6291.9,6291.91,0.19995931,13.01864646
2018-11-14T06:13:13.0000000,6291.9,6291.91,0.19995931,14.01864646
2018-11-14T06:13:13.0000000,6291.9,6291.91,0.19995931,13.01864646
2018-11-14T06:13:13.0000000,6291.9,6291.91,0.19995931,14.01864646
2018-11-14T06:13:23.0000000,6291.9,6291.91,0.19995931,13.01864646
2018-11-14T06:13:23.0000000,6291.9,6291.91,1.19995931,13.01864646
2018-11-14T06:13:23.0000000,6291.9,6291.91,0.19995931,13.01864646
2018-11-14T06:13:23.0000000,6291.9,6291.91,0.19995931,14.01864646
2018-11-14T06:13:26.0000000,6291.9,6291.91,0.19995931,14.01492851
11/14/2018 6:13:26,6291.9,6291.91,0.19995931,14.01492851,7324934960,11/14/2018 6:13:26,sell,0.00371795,6291.91000000
2018-11-14T06:13:26.0000000,6291.9,6291.91,0.19995931,14.01492851
2018-11-14T06:13:26.0000000,6291.9,6291.91,0.19887109,14.01492851
11/14/2018 6:13:26,6291.9,6291.91,0.19887109,14.01492851,7324934975,11/14/2018 6:13:26,buy,0.00108822,6291.90000000
2018-11-14T06:13:26.0000000,6291.9,6291.91,0.19887109,14.01492851
2018-11-14T06:13:27.0000000,6291.9,6291.91,0.18961109,14.01492851
11/14/2018 6:13:27,6291.9,6291.91,0.18961109,14.01492851,7324935017,11/14/2018 6:13:27,buy,0.00926000,6291.90000000
2018-11-14T06:13:27.0000000,6291.9,6291.91,0.18961109,14.01492851
2018-11-14T06:13:28.0000000,6291.9,6291.91,0.15418516,14.01492851
11/14/2018 6:13:28,6291.9,6291.91,0.15418516,14.01492851,7324935067,11/14/2018 6:13:28,buy,0.03542593,6291.90000000
2018-11-14T06:13:28.0000000,6291.9,6291.91,0.15418516,14.01492851
2018-11-14T06:13:35.0000000,6291.9,6291.91,0.15418516,14.01065705
11/14/2018 6:13:35,6291.9,6291.91,0.15418516,14.01065705,7324935408,11/14/2018 6:13:35,sell,0.00427146,6291.91000000
2018-11-14T06:13:35.0000000,6291.9,6291.91,0.15418516,14.01065705
2018-11-14T06:13:35.0000000,6291.9,6291.91,0.15418516,14.00274987
11/14/2018 6:13:35,6291.9,6291.91,0.15418516,14.00274987,7324935416,11/14/2018 6:13:35,sell,0.00790718,6291.91000000
2018-11-14T06:13:35.0000000,6291.9,6291.91,0.15418516,14.00274987
2018-11-14T06:13:37.0000000,6291.9,6291.91,0.15418516,13.99982263
11/14/2018 6:13:37,6291.9,6291.91,0.15418516,13.99982263,7324935523,11/14/2018 6:13:37,sell,0.00292724,6291.91000000
2018-11-14T06:13:37.0000000,6291.9,6291.91,0.15418516,13.99982263
2018-11-14T06:13:42.0000000,6291.9,6291.91,0.14492516,13.99982263
11/14/2018 6:13:42,6291.9,6291.91,0.14492516,13.99982263,7324935718,11/14/2018 6:13:42,buy,0.00926000,6291.90000000
2018-11-14T06:13:42.0000000,6291.9,6291.91,0.14492516,13.99982263
2018-11-14T06:13:47.0000000,6291.9,6291.91,0.14492516,13.98786636
11/14/2018 6:13:47,6291.9,6291.91,0.14492516,13.98786636,7324935930,11/14/2018 6:13:47,sell,0.01195627,6291.91000000
2018-11-14T06:13:47.0000000,6291.9,6291.91,0.14492516,13.98786636
2018-11-14T06:13:48.0000000,6291.9,6291.91,0,13.98786636
11/14/2018 6:13:48,6291.9,6291.91,0,13.98786636,7324935959,11/14/2018 6:13:48,buy,0.14492516,6291.90000000
2018-11-14T06:13:48.0000000,6291.45,6291.91,0,13.98786636
2018-11-14T06:13:48.0000000,6291.45,6291.91,0,11.98786636
2018-11-14T06:13:48.0000000,6291.45,6291.91,0,11.09394049
2018-11-14T06:13:48.0000000,6291.45,6291.91,0,3.59394049
11/14/2018 6:13:50,6291.45,6291.91,0,3.59394049,7324936098,11/14/2018 6:13:50,sell,0.03193551,6291.46000000
2018-11-14T06:13:50.0000000,6291.45,6291.46,0,3.59394049
2018-11-14T06:13:52.0000000,6291.45,6291.46,0,16.08957482
11/14/2018 6:13:52,6291.45,6291.46,0,16.08957482,7324936152,11/14/2018 6:13:52,sell,0.00792351,6291.46000000
2018-11-14T06:13:52.0000000,6291.45,6291.46,0,16.08957482
2018-11-14T06:13:56.0000000,6291.45,6291.46,0,16.078095
11/14/2018 6:13:56,6291.45,6291.46,0,16.078095,7324936298,11/14/2018 6:13:56,sell,0.01147982,6291.46000000
2018-11-14T06:13:56.0000000,6291.45,6291.46,0,16.078095
2018-11-14T06:13:56.0000000,6291.45,6291.46,0,16.07667013
11/14/2018 6:13:56,6291.45,6291.46,0,16.07667013,7324936329,11/14/2018 6:13:56,sell,0.00142487,6291.46000000
2018-11-14T06:13:56.0000000,6291.45,6291.46,0,16.07667013
2018-11-14T06:14:01.0000000,6291.45,6291.46,0,16.0743753
11/14/2018 6:14:01,6291.45,6291.46,0,16.0743753,7324936470,11/14/2018 6:14:01,sell,0.00229483,6291.46000000
2018-11-14T06:14:01.0000000,6291.45,6291.46,0,16.0743753
2018-11-14T06:14:01.0000000,6291.45,6291.46,0,16.11855844
2018-11-14T06:14:01.0000000,6291.45,6291.46,0,16.09574619
11/14/2018 6:14:01,6291.45,6291.46,0,16.09574619,7324936479,11/14/2018 6:14:01,sell,0.02281225,6291.46000000
2018-11-14T06:14:01.0000000,6291.45,6291.46,0,16.09574619
2018-11-14T06:14:02.0000000,6291.45,6291.46,0,15.09574619
11/14/2018 6:14:02,6291.45,6291.46,0,15.09574619,7324936498,11/14/2018 6:14:02,sell,1.00000000,6291.46000000
2018-11-14T06:14:02.0000000,6291.45,6291.46,0,15.09574619
2018-11-14T06:14:02.0000000,6291.45,6291.46,0,14.09574619
2018-11-14T06:14:02.0000000,6291.45,6291.46,1.001,14.09574619
2018-11-14T06:14:02.0000000,6291.45,6291.46,1.001,6.59574619
2018-11-14T06:14:02.0000000,6291.45,6291.46,1.001,7.67361698
2018-11-14T06:14:03.0000000,6291.45,6291.46,1.001,7.67480867
2018-11-14T06:14:03.0000000,6291.45,6291.46,1,7.67480867
11/14/2018 6:14:03,6291.45,6291.46,1,7.67480867,7324936572,11/14/2018 6:14:03,buy,0.00100000,6291.45000000
2018-11-14T06:14:03.0000000,6291.45,6291.46,1,7.67480867
2018-11-14T06:14:03.0000000,6291.45,6291.46,0.96984971,7.67480867
11/14/2018 6:14:03,6291.45,6291.46,0.96984971,7.67480867,7324936574,11/14/2018 6:14:03,buy,0.03015029,6291.45000000
2018-11-14T06:14:03.0000000,6291.45,6291.46,0.96984971,7.67480867
2018-11-14T06:14:05.0000000,6291.45,6291.46,0.90383971,7.67480867
11/14/2018 6:14:05,6291.45,6291.46,0.90383971,7.67480867,7324936600,11/14/2018 6:14:05,buy,0.06601000,6291.45000000
2018-11-14T06:14:05.0000000,6291.45,6291.46,0.90383971,7.67480867
2018-11-14T06:14:06.0000000,6291.45,6291.46,0.90383971,7.64681368
11/14/2018 6:14:06,6291.45,6291.46,0.90383971,7.64681368,7324936628,11/14/2018 6:14:06,sell,0.02799499,6291.46000000
2018-11-14T06:14:06.0000000,6291.45,6291.46,0.90383971,7.64681368
2018-11-14T06:14:07.0000000,6291.45,6291.46,0.90283971,7.64681368
11/14/2018 6:14:07,6291.45,6291.46,0.90283971,7.64681368,7324936647,11/14/2018 6:14:07,buy,0.00100000,6291.45000000
2018-11-14T06:14:07.0000000,6291.45,6291.46,0.90283971,7.64681368
2018-11-14T06:14:07.0000000,6291.45,6291.46,0.89457971,7.64681368
11/14/2018 6:14:07,6291.45,6291.46,0.89457971,7.64681368,7324936656,11/14/2018 6:14:07,buy,0.00826000,6291.45000000
2018-11-14T06:14:07.0000000,6291.45,6291.46,0.89457971,7.64681368
2018-11-14T06:14:07.0000000,6291.45,6291.46,0.89457971,7.73940368
2018-11-14T06:14:07.0000000,6291.45,6291.46,0.89457971,15.23940368
2018-11-14T06:14:07.0000000,6291.45,6291.46,0.89457971,7.73940368
2018-11-14T06:14:07.0000000,6291.45,6291.46,0.89457971,15.23940368
2018-11-14T06:14:07.0000000,6291.45,6291.46,0,15.23940368
2018-11-14T06:14:07.0000000,6291.45,6291.46,0,14.16153289
2018-11-14T06:14:07.0000000,6291.45,6291.46,0,6.66153289
2018-11-14T06:14:07.0000000,6291.45,6291.46,0,5.76739867
2018-11-14T06:14:07.0000000,6291.45,6291.46,0,5.76639867
2018-11-14T06:14:07.0000000,6291.45,6291.46,0,6.76639867
2018-11-14T06:14:08.0000000,6291.45,6291.46,0,4.63796483
2018-11-14T06:14:08.0000000,6291.45,6291.46,0,3.63796483
2018-11-14T06:14:08.0000000,6291.45,6291.46,0,2.63796483
11/14/2018 6:14:09,6291.45,6291.46,0,2.63796483,7324936766,11/14/2018 6:14:09,sell,0.00442992,6291.44000000
2018-11-14T06:14:09.0000000,6291.43,6291.44,0,2.63796483
2018-11-14T06:14:10.0000000,6291.43,6291.44,0,1.99443341
11/14/2018 6:14:10,6291.43,6291.44,0,1.99443341,7324936797,11/14/2018 6:14:10,sell,0.00213667,6291.44000000
2018-11-14T06:14:10.0000000,6291.43,6291.44,0,1.99443341
2018-11-14T06:14:10.0000000,6291.43,6291.44,0,1.99594337
2018-11-14T06:14:12.0000000,6291.43,6291.44,1.18764063,1.99594337
11/14/2018 6:14:12,6291.43,6291.44,1.18764063,1.99594337,7324936826,11/14/2018 6:14:12,buy,0.06235937,6291.43000000
2018-11-14T06:14:12.0000000,6291.43,6291.44,1.18764063,1.99594337
2018-11-14T06:14:12.0000000,6291.43,6291.44,1.18764063,9.49594337
2018-11-14T06:14:12.0000000,6291.43,6291.44,0.18764063,9.49594337
2018-11-14T06:14:12.0000000,6291.43,6291.44,0.18764063,11.99594337
2018-11-14T06:14:12.0000000,6291.43,6291.44,0.18764063,12.99594337
2018-11-14T06:14:12.0000000,6291.43,6291.44,0.18764063,13.0401265
2018-11-14T06:14:20.0000000,6291.43,6291.44,0.18764063,13.00897064
11/14/2018 6:14:20,6291.43,6291.44,0.18764063,13.00897064,7324937164,11/14/2018 6:14:20,sell,0.03115586,6291.44000000
2018-11-14T06:14:20.0000000,6291.43,6291.44,0.18764063,13.00897064
2018-11-14T06:14:20.0000000,6291.43,6291.44,0.18764063,14.00897064
2018-11-14T06:14:20.0000000,6291.43,6291.44,0.18764063,14.00137763
11/14/2018 6:14:20,6291.43,6291.44,0.18764063,14.00137763,7324937199,11/14/2018 6:14:20,sell,0.00759301,6291.44000000
2018-11-14T06:14:20.0000000,6291.43,6291.44,0.18764063,14.00137763
2018-11-14T06:14:21.0000000,6291.43,6291.44,0,14.00137763
11/14/2018 6:14:21,6291.43,6291.44,0,14.00137763,7324937260,11/14/2018 6:14:21,buy,0.18764063,6291.43000000
2018-11-14T06:14:21.0000000,6291.01,6291.44,0,14.00137763
2018-11-14T06:14:21.0000000,6291.01,6291.44,0,14.00137763
11/14/2018 6:14:21,6291.01,6291.44,0,14.00137763,7324937262,11/14/2018 6:14:21,buy,0.00100000,6291.01000000
11/14/2018 6:14:21,6291.01,6291.44,0,14.00137763,7324937264,11/14/2018 6:14:21,buy,0.00100000,6290.99000000
11/14/2018 6:14:21,6291.01,6291.44,0,14.00137763,7324937266,11/14/2018 6:14:21,buy,0.00100000,6290.47000000
11/14/2018 6:14:21,6291.01,6291.44,0,14.00137763,7324937268,11/14/2018 6:14:21,buy,0.00100000,6290.16000000
11/14/2018 6:14:21,6291.01,6291.44,0,14.00137763,7324937270,11/14/2018 6:14:21,buy,0.00100000,6289.68000000
2018-11-14T06:14:21.0000000,6289.63,6291.44,0,14.00137763
2018-11-14T06:14:21.0000000,6289.63,6291.44,0,14.00137763
11/14/2018 6:14:21,6289.63,6291.44,0,14.00137763,7324937272,11/14/2018 6:14:21,buy,0.01000000,6289.63000000
11/14/2018 6:14:21,6289.63,6291.44,0,14.00137763,7324937274,11/14/2018 6:14:21,buy,0.18190000,6289.51000000
11/14/2018 6:14:21,6289.63,6291.44,0,14.00137763,7324937276,11/14/2018 6:14:21,buy,0.00100000,6289.43000000
11/14/2018 6:14:21,6289.63,6291.44,0,14.00137763,7324937278,11/14/2018 6:14:21,buy,0.18343000,6289.39000000
11/14/2018 6:14:21,6289.63,6291.44,0,14.00137763,7324937280,11/14/2018 6:14:21,buy,0.63599274,6289.38000000
11/14/2018 6:14:21,6289.63,6291.44,0,14.00137763,7324937282,11/14/2018 6:14:21,buy,0.01000000,6289.30000000
11/14/2018 6:14:21,6289.63,6291.44,0,14.00137763,7324937284,11/14/2018 6:14:21,buy,0.31800850,6289.14000000
11/14/2018 6:14:21,6289.63,6291.44,0,14.00137763,7324937286,11/14/2018 6:14:21,buy,0.06702813,6289.13000000
2018-11-14T06:14:21.0000000,6289.63,6291.44,0,12.04669309
2018-11-14T06:14:21.0000000,6289.13,6291.44,0,12.04669309
2018-11-14T06:14:21.0000000,6289.13,6291.44,0,12.04569309
2018-11-14T06:14:21.0000000,6289.13,6291.44,0,11.04569309
2018-11-14T06:14:21.0000000,6289.13,6291.44,0,3.54569309
2018-11-14T06:14:21.0000000,6289.13,6291.44,0,3.54569309
2018-11-14T06:14:21.0000000,6289.13,6291.44,0,2.54569309
11/14/2018 6:14:22,6289.13,6291.44,0,2.54569309,7324937451,11/14/2018 6:14:22,sell,0.01520817,6290.78000000
2018-11-14T06:14:22.0000000,6289.69,6290.78,0,2.54569309
2018-11-14T06:14:22.0000000,6289.69,6290.78,3.50296241,2.54569309
2018-11-14T06:14:23.0000000,6289.69,6290.78,3.50296241,1.02897495
2018-11-14T06:14:23.0000000,6289.69,6290.78,3.50296241,0.04418312
11/14/2018 6:14:29,6289.69,6290.78,3.50296241,0.04418312,7324937782,11/14/2018 6:14:29,sell,0.00198667,6290.75000000
2018-11-14T06:14:29.0000000,6289.69,6290.76,3.50296241,0.04418312
2018-11-14T06:14:29.0000000,6289.69,6290.76,3.50296241,0
11/14/2018 6:14:29,6289.69,6290.76,3.50296241,0,7324937784,11/14/2018 6:14:29,sell,0.00182784,6290.76000000
2018-11-14T06:14:29.0000000,6289.69,6290.77,3.50296241,0
2018-11-14T06:14:29.0000000,6289.69,6290.77,3.50296241,0.000751
11/14/2018 6:14:29,6289.69,6290.77,3.50296241,0.000751,7324937786,11/14/2018 6:14:29,sell,0.00377933,6290.77000000
2018-11-14T06:14:29.0000000,6289.69,6290.77,3.50296241,0.000751
2018-11-14T06:14:32.0000000,6289.69,6290.77,3.5,0.000751
11/14/2018 6:14:34,6289.69,6290.77,3.5,0.000751,7324938124,11/14/2018 6:14:34,sell,0.00119194,6290.75000000
2018-11-14T06:14:34.0000000,6290.23,6290.76,3.5,0.000751
2018-11-14T06:14:34.0000000,6290.23,6290.76,3.5,0.00135954
11/14/2018 6:14:34,6290.23,6290.76,3.5,0.00135954,7324938126,11/14/2018 6:14:34,sell,0.00094497,6290.76000000
2018-11-14T06:14:34.0000000,6290.23,6290.76,3.5,0.00135954
2018-11-14T06:14:34.0000000,6290.23,6290.76,3.5,0
11/14/2018 6:14:34,6290.23,6290.76,3.5,0,7324938145,11/14/2018 6:14:34,sell,0.00135954,6290.76000000
2018-11-14T06:14:34.0000000,6290.23,6290.77,3.5,0
2018-11-14T06:14:34.0000000,6290.23,6290.77,3.5,0.04418311
11/14/2018 6:14:34,6290.23,6290.77,3.5,0.04418311,7324938147,11/14/2018 6:14:34,sell,0.00075100,6290.77000000
2018-11-14T06:14:34.0000000,6290.23,6290.77,3.5,0.04418311
2018-11-14T06:14:34.0000000,6290.23,6290.77,3.5,0.03481176
11/14/2018 6:14:34,6290.23,6290.77,3.5,0.03481176,7324938149,11/14/2018 6:14:34,sell,0.00937135,6290.77000000
2018-11-14T06:14:34.0000000,6290.23,6290.77,3.5,0.03481176
2018-11-14T06:14:38.0000000,6290.23,6290.77,0.00174958,0.03481176
11/14/2018 6:14:41,6290.23,6290.77,0.00174958,0.03481176,7324938406,11/14/2018 6:14:41,sell,0.00135102,6290.74000000
2018-11-14T06:14:41.0000000,6290.24,6290.75,0.00174958,0.03481176
2018-11-14T06:14:41.0000000,6290.24,6290.75,0.00174958,0
11/14/2018 6:14:41,6290.24,6290.75,0.00174958,0,7324938408,11/14/2018 6:14:41,sell,0.00119214,6290.75000000
11/14/2018 6:14:41,6290.24,6290.75,0.00174958,0,7324938410,11/14/2018 6:14:41,sell,0.00166877,6290.76000000
11/14/2018 6:14:41,6290.24,6290.75,0.00174958,0,7324938412,11/14/2018 6:14:41,sell,0.01175872,6290.77000000
2018-11-14T06:14:41.0000000,6290.24,6290.77,0.00174958,0
2018-11-14T06:14:42.0000000,6290.24,6290.77,0.99074,0
11/14/2018 6:14:42,6290.24,6290.77,0.99074,0,7324938444,11/14/2018 6:14:42,buy,0.00926000,6290.24000000
2018-11-14T06:14:42.0000000,6290.24,6290.77,0.99074,0
2018-11-14T06:14:42.0000000,6290.24,6290.77,0.99074,0.0198896
11/14/2018 6:14:42,6290.24,6290.77,0.99074,0.0198896,7324938469,11/14/2018 6:14:42,sell,0.00316344,6290.77000000
2018-11-14T06:14:42.0000000,6290.24,6290.77,0.99074,0.0198896
2018-11-14T06:14:44.0000000,6290.24,6290.77,0,0.0198896
2018-11-14T06:14:44.0000000,6290.24,6290.77,2,0.0198896
2018-11-14T06:14:44.0000000,6290.24,6290.77,1.9670708,0.0198896
11/14/2018 6:14:44,6290.24,6290.77,1.9670708,0.0198896,7324938568,11/14/2018 6:14:44,sell,0.03292920,6290.24000000
2018-11-14T06:14:44.0000000,6290.23,6290.24,1.9670708,0.0198896
2018-11-14T06:14:44.0000000,6290.23,6290.24,1.9670708,1.9680708
2018-11-14T06:14:44.0000000,6290.23,6290.24,1.00174958,1.9680708
2018-11-14T06:14:44.0000000,6290.23,6290.24,1.00174958,2.9680708
2018-11-14T06:14:44.0000000,6290.23,6290.24,0.00174958,2.9680708
2018-11-14T06:14:44.0000000,6290.23,6290.24,0.00174958,5.4680708
2018-11-14T06:14:44.0000000,6290.23,6290.24,0.00174958,4.4680708
2018-11-14T06:14:44.0000000,6290.23,6290.24,1.00174958,4.4680708
2018-11-14T06:14:44.0000000,6290.23,6290.24,1.00174958,1.9680708
2018-11-14T06:14:45.0000000,6290.23,6290.24,0.00174958,1.9680708
2018-11-14T06:14:45.0000000,6290.23,6290.24,0.00174958,2.9680708
2018-11-14T06:14:45.0000000,6290.23,6290.24,0.00174958,1.9680708
2018-11-14T06:14:45.0000000,6290.23,6290.24,1.00174958,1.9680708
2018-11-14T06:14:45.0000000,6290.23,6290.24,1.00174958,1.9670708
2018-11-14T06:14:45.0000000,6290.23,6290.24,1.00174958,2.9670708
2018-11-14T06:14:45.0000000,6290.23,6290.24,0.00174958,2.9670708
2018-11-14T06:14:45.0000000,6290.23,6290.24,0.00174958,1.9670708
2018-11-14T06:14:45.0000000,6290.23,6290.24,1.00174958,1.9670708
2018-11-14T06:14:45.0000000,6290.23,6290.24,1.00174958,1.96905778
2018-11-14T06:14:45.0000000,6290.23,6290.24,1.00174958,3.0343863
2018-11-14T06:14:46.0000000,6290.23,6290.24,0.00174958,3.0343863
2018-11-14T06:14:46.0000000,6290.23,6290.24,0.00174958,4.0343863
2018-11-14T06:14:46.0000000,6290.23,6290.24,0.00174958,3.0343863
2018-11-14T06:14:46.0000000,6290.23,6290.24,0.00174958,3.0353863
2018-11-14T06:14:46.0000000,6290.23,6290.24,1.00174958,3.0353863
2018-11-14T06:14:46.0000000,6290.23,6290.24,1.00174958,3.0343863
2018-11-14T06:14:49.0000000,6290.23,6290.24,0.00174958,3.0343863
2018-11-14T06:14:49.0000000,6290.23,6290.24,0.00174958,4.0343863
2018-11-14T06:14:50.0000000,6290.23,6290.24,0.00174958,4.0353863
2018-11-14T06:14:52.0000000,6290.23,6290.24,0.00174958,3.0353863
2018-11-14T06:14:52.0000000,6290.23,6290.24,1.00174958,3.0353863
2018-11-14T06:14:52.0000000,6290.23,6290.24,1.00174958,3.0343863
2018-11-14T06:14:56.0000000,6290.23,6290.24,0.00174958,3.0343863
2018-11-14T06:14:56.0000000,6290.23,6290.24,1.00174958,3.0343863
2018-11-14T06:14:56.0000000,6290.23,6290.24,0.00174958,3.0343863
2018-11-14T06:14:56.0000000,6290.23,6290.24,1.00174958,3.0343863
2018-11-14T06:14:57.0000000,6290.23,6290.24,0.00174958,3.0343863
2018-11-14T06:14:57.0000000,6290.23,6290.24,0.00174958,4.0343863
2018-11-14T06:14:57.0000000,6290.23,6290.24,0.00174958,4.0353863
2018-11-14T06:14:59.0000000,6290.23,6290.24,0.00174958,3.0353863
2018-11-14T06:14:59.0000000,6290.23,6290.24,1.00174958,3.0353863
2018-11-14T06:14:59.0000000,6290.23,6290.24,1.00174958,3.0343863
2018-11-14T06:15:01.0000000,6290.23,6290.24,1,3.0343863
11/14/2018 6:15:01,6290.23,6290.24,1,3.0343863,7324939411,11/14/2018 6:15:01,buy,0.00174958,6290.23000000
2018-11-14T06:15:01.0000000,6290.23,6290.24,1,3.0343863
2018-11-14T06:15:01.0000000,6290.23,6290.24,0.99248958,3.0343863
11/14/2018 6:15:01,6290.23,6290.24,0.99248958,3.0343863,7324939413,11/14/2018 6:15:01,buy,0.00751042,6290.23000000
2018-11-14T06:15:01.0000000,6290.23,6290.24,0.99248958,3.0343863
2018-11-14T06:15:01.0000000,6290.23,6290.24,0.99248958,3.0353863
2018-11-14T06:15:01.0000000,6290.23,6290.24,0.99248958,3.0343863
2018-11-14T06:15:02.0000000,6290.23,6290.24,0.99248958,10.5343863
2018-11-14T06:15:02.0000000,6290.23,6290.24,0,10.5343863
2018-11-14T06:15:02.0000000,6290.23,6290.24,0,3.0343863
2018-11-14T06:15:02.0000000,6290.23,6290.24,0,3.0353863
2018-11-14T06:15:02.0000000,6290.23,6290.24,0,1.0683155
2018-11-14T06:15:02.0000000,6290.23,6290.24,0,2.0683155
2018-11-14T06:15:02.0000000,6290.23,6290.24,0,1.00298698
2018-11-14T06:15:02.0000000,6290.23,6290.24,0,0.00298698
2018-11-14T06:15:02.0000000,6290.23,6290.24,0,0.00198698
2018-11-14T06:15:02.0000000,6290.23,6290.24,0,7.50198698
2018-11-14T06:15:02.0000000,6290.23,6290.24,0,0.00198698
2018-11-14T06:15:02.0000000,6290.23,6290.24,1,0.00198698
2018-11-14T06:15:02.0000000,6290.23,6290.24,0,0.00198698
2018-11-14T06:15:02.0000000,6290.23,6290.24,0,7.50198698
2018-11-14T06:15:02.0000000,6290.23,6290.24,0,0.00198698
2018-11-14T06:15:02.0000000,6290.23,6290.24,0,0
11/14/2018 6:15:02,6290.23,6290.24,0,0,7324939478,11/14/2018 6:15:02,sell,0.00198698,6290.24000000
11/14/2018 6:15:02,6290.23,6290.24,0,0,7324939480,11/14/2018 6:15:02,sell,0.00230484,6290.68000000
11/14/2018 6:15:02,6290.23,6290.24,0,0,7324939482,11/14/2018 6:15:02,sell,0.00198690,6290.69000000
11/14/2018 6:15:02,6290.23,6290.24,0,0,7324939484,11/14/2018 6:15:02,sell,0.00294067,6290.70000000
11/14/2018 6:15:02,6290.23,6290.24,0,0,7324939486,11/14/2018 6:15:02,sell,0.00262287,6290.71000000
11/14/2018 6:15:02,6290.23,6290.24,0,0,7324939488,11/14/2018 6:15:02,sell,0.00166908,6290.72000000
2018-11-14T06:15:02.0000000,6290.01,6290.73,0,0
2018-11-14T06:15:02.0000000,6290.01,6290.73,0,0
11/14/2018 6:15:02,6290.01,6290.73,0,0,7324939490,11/14/2018 6:15:02,sell,0.00230467,6290.73000000
11/14/2018 6:15:02,6290.01,6290.73,0,0,7324939492,11/14/2018 6:15:02,sell,0.28841587,6290.74000000
2018-11-14T06:15:02.0000000,6290.02,6290.24,0,0
2018-11-14T06:15:02.0000000,6290.02,6290.24,0,0
2018-11-14T06:15:02.0000000,6290.02,6290.24,1,0
2018-11-14T06:15:03.0000000,6290.02,6290.24,0,0
2018-11-14T06:15:03.0000000,6290.02,6290.24,0.001,0
2018-11-14T06:15:03.0000000,6290.02,6290.24,0,0
2018-11-14T06:15:03.0000000,6290.02,6290.24,0.001,0
2018-11-14T06:15:03.0000000,6290.02,6290.24,2.001,0
2018-11-14T06:15:03.0000000,6290.02,6290.24,3.001,0
2018-11-14T06:15:03.0000000,6290.02,6290.24,2.001,0
2018-11-14T06:15:04.0000000,6290.02,6290.24,2.82883592,0
2018-11-14T06:15:04.0000000,6290.02,6290.24,2.83145896,0
2018-11-14T06:15:06.0000000,6290.02,6290.24,10.33145896,0
2018-11-14T06:15:06.0000000,6290.02,6290.24,2.83145896,0
2018-11-14T06:15:06.0000000,6290.02,6290.24,0.83145896,0
2018-11-14T06:15:06.0000000,6290.02,6290.24,0.83045896,0
2018-11-14T06:15:06.0000000,6290.02,6290.24,1.83045896,0
2018-11-14T06:15:06.0000000,6290.02,6290.24,1.00262304,0
2018-11-14T06:15:06.0000000,6290.02,6290.24,0.00262304,0
2018-11-14T06:15:06.0000000,6290.02,6290.24,7.50262304,0
2018-11-14T06:15:06.0000000,6290.02,6290.24,0.00262304,0
2018-11-14T06:15:06.0000000,6290.02,6290.24,7.50262304,0
2018-11-14T06:15:06.0000000,6290.02,6290.24,0.00262304,0
2018-11-14T06:15:06.0000000,6290.02,6290.24,7.50262304,0
2018-11-14T06:15:06.0000000,6290.02,6290.24,0.00262304,0
2018-11-14T06:15:06.0000000,6290.02,6290.24,7.50262304,0
2018-11-14T06:15:06.0000000,6290.02,6290.24,8.34916866,0
2018-11-14T06:15:07.0000000,6290.02,6290.24,0.84916866,0
2018-11-14T06:15:07.0000000,6290.02,6290.24,8.34916866,0
2018-11-14T06:15:07.0000000,6290.02,6290.24,8.35016866,0
2018-11-14T06:15:07.0000000,6290.02,6290.24,8.34916866,0
2018-11-14T06:15:07.0000000,6290.02,6290.24,7.50262304,0
2018-11-14T06:15:07.0000000,6290.02,6290.24,0.00262304,0
2018-11-14T06:15:07.0000000,6290.02,6290.24,7.50262304,0
2018-11-14T06:15:07.0000000,6290.02,6290.24,8.32937211,0
2018-11-14T06:15:07.0000000,6290.02,6290.24,8.33037211,0
2018-11-14T06:15:07.0000000,6290.02,6290.24,0.83037211,0
2018-11-14T06:15:07.0000000,6290.02,6290.24,0.82937211,0
2018-11-14T06:15:07.0000000,6290.02,6290.24,8.32937211,0
2018-11-14T06:15:07.0000000,6290.02,6290.24,7.50262304,0
2018-11-14T06:15:07.0000000,6290.02,6290.24,0.00262304,0
2018-11-14T06:15:07.0000000,6290.02,6290.24,7.50262304,0
2018-11-14T06:15:07.0000000,6290.02,6290.24,8.32937211,0
2018-11-14T06:15:07.0000000,6290.02,6290.24,9.32937211,0
2018-11-14T06:15:07.0000000,6290.02,6290.24,9.33037211,0
2018-11-14T06:15:07.0000000,6290.02,6290.24,8.33037211,0
2018-11-14T06:15:07.0000000,6290.02,6290.24,0.83037211,0
2018-11-14T06:15:07.0000000,6290.02,6290.24,0.82937211,0
2018-11-14T06:15:08.0000000,6290.02,6290.24,0.00262304,0
2018-11-14T06:15:08.0000000,6290.02,6290.24,7.50262304,0
2018-11-14T06:15:08.0000000,6290.02,6290.24,8.32937211,0
2018-11-14T06:15:08.0000000,6290.02,6290.24,9.32937211,0
2018-11-14T06:15:08.0000000,6290.02,6290.24,1.82937211,0
2018-11-14T06:15:08.0000000,6290.02,6290.24,1.83037211,0
2018-11-14T06:15:08.0000000,6290.02,6290.24,0.83037211,0
2018-11-14T06:15:08.0000000,6290.02,6290.24,8.33037211,0
2018-11-14T06:15:08.0000000,6290.02,6290.24,8.32937211,0
2018-11-14T06:15:08.0000000,6290.02,6290.24,9.32937211,0
2018-11-14T06:15:08.0000000,6290.02,6290.24,1.82937211,0
2018-11-14T06:15:08.0000000,6290.02,6290.24,0.82937211,0
2018-11-14T06:15:08.0000000,6290.02,6290.24,0.00262304,0
2018-11-14T06:15:08.0000000,6290.02,6290.24,7.50262304,0
2018-11-14T06:15:08.0000000,6290.02,6290.24,0.00262304,0
2018-11-14T06:15:08.0000000,6290.02,6290.24,7.50262304,0
2018-11-14T06:15:08.0000000,6290.02,6290.24,0.00262304,0
2018-11-14T06:15:08.0000000,6290.02,6290.24,0.81999263,0
2018-11-14T06:15:08.0000000,6290.02,6290.24,0.82099263,0
2018-11-14T06:15:08.0000000,6290.02,6290.24,1.82099263,0
2018-11-14T06:15:08.0000000,6290.02,6290.24,1.81999263,0
2018-11-14T06:15:08.0000000,6290.02,6290.24,0.81999263,0
2018-11-14T06:15:08.0000000,6290.02,6290.24,0.82099263,0
2018-11-14T06:15:08.0000000,6290.02,6290.24,0.81999263,0
2018-11-14T06:15:08.0000000,6290.02,6290.24,8.31999263,0
2018-11-14T06:15:08.0000000,6290.02,6290.24,0.81999263,0
2018-11-14T06:15:08.0000000,6290.02,6290.24,0.82099263,0
2018-11-14T06:15:08.0000000,6290.02,6290.24,0.81999263,0
2018-11-14T06:15:08.0000000,6290.02,6290.24,8.31999263,0
2018-11-14T06:15:08.0000000,6290.02,6290.24,9.31999263,0
2018-11-14T06:15:08.0000000,6290.02,6290.24,1.81999263,0
2018-11-14T06:15:08.0000000,6290.02,6290.24,0.81999263,0
2018-11-14T06:15:08.0000000,6290.02,6290.24,0.81736959,0
11/14/2018 6:15:08,6290.02,6290.24,0.81736959,0,7324940393,11/14/2018 6:15:08,sell,0.00262304,6290.02000000
2018-11-14T06:15:08.0000000,6290.01,6290.02,0.81736959,0
2018-11-14T06:15:08.0000000,6290.01,6290.02,0.81736959,0.36364481
11/14/2018 6:15:08,6290.01,6290.02,0.81736959,0.36364481,7324940395,11/14/2018 6:15:08,sell,0.45372478,6290.02000000
2018-11-14T06:15:08.0000000,6290.01,6290.02,0.81736959,0.36364481
2018-11-14T06:15:08.0000000,6290.01,6290.02,0.81736959,7.86364481
2018-11-14T06:15:08.0000000,6290.01,6290.02,0.81736959,0.36364481
2018-11-14T06:15:08.0000000,6290.01,6290.02,0,0.36364481
2018-11-14T06:15:08.0000000,6290.01,6290.02,0,0.36464481
2018-11-14T06:15:08.0000000,6290.01,6290.02,0,1.36464481
2018-11-14T06:15:08.0000000,6290.01,6290.02,0,1.36364481
2018-11-14T06:15:08.0000000,6290.01,6290.02,0,0.36364481
2018-11-14T06:15:08.0000000,6290.01,6290.02,1,0.36364481
2018-11-14T06:15:08.0000000,6290.01,6290.02,1,7.86364481
2018-11-14T06:15:08.0000000,6290.01,6290.02,1,0.36364481
2018-11-14T06:15:08.0000000,6290.01,6290.02,1,0.36464481
2018-11-14T06:15:08.0000000,6290.01,6290.02,1,1.36464481
2018-11-14T06:15:08.0000000,6290.01,6290.02,0,1.36464481
2018-11-14T06:15:08.0000000,6290.01,6290.02,0,1.36364481
2018-11-14T06:15:08.0000000,6290.01,6290.02,0,0.36364481
2018-11-14T06:15:09.0000000,6290.01,6290.02,0.001,0.36364481
2018-11-14T06:15:09.0000000,6290.01,6290.02,0.001,0
2018-11-14T06:15:09.0000000,6290.01,6290.02,0,0
2018-11-14T06:15:09.0000000,6290.01,6290.02,0,7.5
2018-11-14T06:15:09.0000000,6290.01,6290.02,0,0
2018-11-14T06:15:09.0000000,6290.01,6290.02,0.001,0
2018-11-14T06:15:09.0000000,6290.01,6290.02,0,0
2018-11-14T06:15:09.0000000,6290.01,6290.02,1,0
