topBid,topAsk,sequence,time,side,size,price
2018-11-14T19:22:19.0000000,5568.84,5568.85,0,10.13236996
11/14/2018 19:22:19,5568.84,5568.85,0,10.13236996,7328652701,11/14/2018 19:22:19,buy,1.00000000,5568.84000000
2018-11-14T19:22:19.0000000,5566.17,5568.85,0,10.13236996
2018-11-14T19:22:19.0000000,5566.17,5568.85,0,9.28109776
2018-11-14T19:22:19.0000000,5566.17,5568.85,0,8.5
2018-11-14T19:22:19.0000000,5566.17,5568.85,0,1
11/14/2018 19:22:19,5566.17,5568.85,0,1,7328652745,11/14/2018 19:22:19,sell,0.08970000,5566.18000000
2018-11-14T19:22:19.0000000,5566.17,5566.18,0,1
2018-11-14T19:22:19.0000000,5566.17,5566.18,0,10.36323117
11/14/2018 19:22:19,5566.17,5566.18,0,10.36323117,7328652752,11/14/2018 19:22:19,sell,0.11290000,5566.18000000
2018-11-14T19:22:19.0000000,5566.17,5566.18,0,10.36323117
2018-11-14T19:22:19.0000000,5566.17,5566.18,0,10.35416569
11/14/2018 19:22:19,5566.17,5566.18,0,10.35416569,7328652757,11/14/2018 19:22:19,sell,0.00906548,5566.18000000
2018-11-14T19:22:19.0000000,5566.17,5566.18,0,10.35416569
2018-11-14T19:22:20.0000000,5566.17,5566.18,0,10.33793296
11/14/2018 19:22:20,5566.17,5566.18,0,10.33793296,7328652794,11/14/2018 19:22:20,sell,0.01623273,5566.18000000
2018-11-14T19:22:20.0000000,5566.17,5566.18,0,10.33793296
2018-11-14T19:22:20.0000000,5566.17,5566.18,0,10.32947365
11/14/2018 19:22:20,5566.17,5566.18,0,10.32947365,7328652809,11/14/2018 19:22:20,sell,0.00845931,5566.18000000
2018-11-14T19:22:20.0000000,5566.17,5566.18,0,10.32947365
2018-11-14T19:22:20.0000000,5566.17,5566.18,0,10.31400901
11/14/2018 19:22:20,5566.17,5566.18,0,10.31400901,7328652814,11/14/2018 19:22:20,sell,0.01546464,5566.18000000
2018-11-14T19:22:20.0000000,5566.17,5566.18,0,10.31400901
2018-11-14T19:22:21.0000000,5566.17,5566.18,0,12.81400901
2018-11-14T19:22:21.0000000,5566.17,5566.18,0.01179533,12.81400901
2018-11-14T19:22:21.0000000,5566.17,5566.18,0.01179533,10.31400901
2018-11-14T19:22:21.0000000,5566.17,5566.18,0.01179533,10.22660901
11/14/2018 19:22:21,5566.17,5566.18,0.01179533,10.22660901,7328652869,11/14/2018 19:22:21,sell,0.08740000,5566.18000000
2018-11-14T19:22:21.0000000,5566.17,5566.18,0.01179533,10.22660901
2018-11-14T19:22:21.0000000,5566.17,5566.18,0.01179533,10.21480103
11/14/2018 19:22:21,5566.17,5566.18,0.01179533,10.21480103,7328652890,11/14/2018 19:22:21,sell,0.01180798,5566.18000000
2018-11-14T19:22:21.0000000,5566.17,5566.18,0.01179533,10.21480103
2018-11-14T19:22:21.0000000,5566.17,5566.18,0.01179533,10.19750363
11/14/2018 19:22:21,5566.17,5566.18,0.01179533,10.19750363,7328652898,11/14/2018 19:22:21,sell,0.01729740,5566.18000000
2018-11-14T19:22:21.0000000,5566.17,5566.18,0.01179533,10.19750363
2018-11-14T19:22:21.0000000,5566.17,5566.18,0.01179533,10.17716344
11/14/2018 19:22:21,5566.17,5566.18,0.01179533,10.17716344,7328652902,11/14/2018 19:22:21,sell,0.02034019,5566.18000000
2018-11-14T19:22:21.0000000,5566.17,5566.18,0.01179533,10.17555394
11/14/2018 19:22:21,5566.17,5566.18,0.01179533,10.17555394,7328652910,11/14/2018 19:22:21,sell,0.00160950,5566.18000000
2018-11-14T19:22:21.0000000,5566.17,5566.18,0.01179533,10.17555394
2018-11-14T19:22:21.0000000,5566.17,5566.18,0.01179533,10.16710001
11/14/2018 19:22:21,5566.17,5566.18,0.01179533,10.16710001,7328652918,11/14/2018 19:22:21,sell,0.00845393,5566.18000000
2018-11-14T19:22:21.0000000,5566.17,5566.18,0.01179533,10.16710001
2018-11-14T19:22:21.0000000,5566.17,5566.18,0.01179533,10.11424648
11/14/2018 19:22:21,5566.17,5566.18,0.01179533,10.11424648,7328652921,11/14/2018 19:22:21,sell,0.05285353,5566.18000000
2018-11-14T19:22:21.0000000,5566.17,5566.18,0.01179533,10.11424648
2018-11-14T19:22:22.0000000,5566.17,5566.18,0.01179533,12.61424648
2018-11-14T19:22:22.0000000,5566.17,5566.18,0.01179533,12.57514648
11/14/2018 19:22:22,5566.17,5566.18,0.01179533,12.57514648,7328652945,11/14/2018 19:22:22,sell,0.03910000,5566.18000000
2018-11-14T19:22:22.0000000,5566.17,5566.18,0.01179533,12.57514648
2018-11-14T19:22:22.0000000,5566.17,5566.18,0.01179533,12.55692212
11/14/2018 19:22:22,5566.17,5566.18,0.01179533,12.55692212,7328652971,11/14/2018 19:22:22,sell,0.01822436,5566.18000000
2018-11-14T19:22:22.0000000,5566.17,5566.18,0.01179533,12.55692212
2018-11-14T19:22:22.0000000,5566.17,5566.18,0.01179533,12.54884699
11/14/2018 19:22:22,5566.17,5566.18,0.01179533,12.54884699,7328652987,11/14/2018 19:22:22,sell,0.00807513,5566.18000000
2018-11-14T19:22:22.0000000,5566.17,5566.18,0.01179533,12.54884699
2018-11-14T19:22:23.0000000,5566.17,5566.18,0.01179533,12.30220017
11/14/2018 19:22:23,5566.17,5566.18,0.01179533,12.30220017,7328653004,11/14/2018 19:22:23,sell,0.24664682,5566.18000000
2018-11-14T19:22:23.0000000,5566.17,5566.18,0.01179533,12.30220017
2018-11-14T19:22:23.0000000,5566.17,5566.18,0.01179533,9.80220017
2018-11-14T19:22:23.0000000,5566.17,5566.18,0.01179533,9.78186529
11/14/2018 19:22:23,5566.17,5566.18,0.01179533,9.78186529,7328653034,11/14/2018 19:22:23,sell,0.02033488,5566.18000000
2018-11-14T19:22:23.0000000,5566.17,5566.18,0.01179533,9.78186529
2018-11-14T19:22:23.0000000,5566.17,5566.18,0.01179533,10.28186529
2018-11-14T19:22:24.0000000,5566.17,5566.18,0.00179533,10.28186529
2018-11-14T19:22:24.0000000,5566.17,5566.18,0.00179533,9.28186529
2018-11-14T19:22:24.0000000,5566.17,5566.18,1.00179533,9.28186529
2018-11-14T19:22:24.0000000,5566.17,5566.18,1.05800725,9.28186529
2018-11-14T19:22:24.0000000,5566.17,5566.18,0.05800725,9.28186529
2018-11-14T19:22:24.0000000,5566.17,5566.18,0.05800725,9.27066529
11/14/2018 19:22:24,5566.17,5566.18,0.05800725,9.27066529,7328653117,11/14/2018 19:22:24,sell,0.01120000,5566.18000000
2018-11-14T19:22:24.0000000,5566.17,5566.18,1.05800725,9.27066529
2018-11-14T19:22:24.0000000,5566.17,5566.18,0.05800725,9.27066529
2018-11-14T19:22:24.0000000,5566.17,5566.18,0.05800725,9.27066529
2018-11-14T19:22:25.0000000,5566.17,5566.18,1.05800725,9.27066529
2018-11-14T19:22:25.0000000,5566.17,5566.18,0.05800725,9.27066529
2018-11-14T19:22:25.0000000,5566.17,5566.18,0.05621192,9.27066529
11/14/2018 19:22:25,5566.17,5566.18,0.05621192,9.27066529,7328653167,11/14/2018 19:22:25,buy,0.00179533,5566.17000000
2018-11-14T19:22:25.0000000,5566.17,5566.18,0,9.27066529
11/14/2018 19:22:25,5566.17,5566.18,0,9.27066529,7328653169,11/14/2018 19:22:25,buy,0.05621192,5566.17000000
2018-11-14T19:22:25.0000000,5566.17,5566.18,0,8.27066529
2018-11-14T19:22:25.0000000,5566.17,5566.18,0,8
2018-11-14T19:22:25.0000000,5566.17,5566.18,0,0.5
2018-11-14T19:22:25.0000000,5564.19,5565.55,0,0.5
2018-11-14T19:22:25.0000000,5564.19,5565.55,0,9.661
2018-11-14T19:22:25.0000000,5564.19,5565.55,0,2.161
11/14/2018 19:22:25,5564.19,5565.55,0,2.161,7328653215,11/14/2018 19:22:25,sell,0.00100000,5565.40000000
2018-11-14T19:22:25.0000000,5564.19,5565.39,0,2.161
2018-11-14T19:22:25.0000000,5564.19,5565.39,0,7.5
2018-11-14T19:22:25.0000000,5564.19,5565.39,0,7.5
2018-11-14T19:22:25.0000000,5564.19,5565.39,0,0
11/14/2018 19:22:25,5564.19,5565.39,0,0,7328653266,11/14/2018 19:22:25,sell,0.01512108,5565.34000000
2018-11-14T19:22:25.0000000,5564.17,5565.32,0,0
2018-11-14T19:22:25.0000000,5564.17,5565.32,0,0
2018-11-14T19:22:25.0000000,5564.17,5565.32,0,8.28109776
2018-11-14T19:22:25.0000000,5564.17,5565.32,0,7.5
2018-11-14T19:22:25.0000000,5564.17,5565.32,1,7.5
2018-11-14T19:22:25.0000000,5564.17,5565.32,1,0
11/14/2018 19:22:25,5564.17,5565.32,1,0,7328653301,11/14/2018 19:22:25,buy,2.00000000,5564.16000000
11/14/2018 19:22:25,5564.17,5565.32,1,0,7328653303,11/14/2018 19:22:25,buy,1.00000000,5564.16000000
2018-11-14T19:22:25.0000000,5564.17,5565.32,0,0
2018-11-14T19:22:25.0000000,5564.17,5565.32,0.78109776,0
2018-11-14T19:22:25.0000000,5564.17,5565.32,0,0
2018-11-14T19:22:25.0000000,5564.1,5564.11,0,0
2018-11-14T19:22:25.0000000,5564.1,5564.11,0,9.69120032
2018-11-14T19:22:25.0000000,5564.1,5564.11,3.9561421,9.69120032
2018-11-14T19:22:25.0000000,5564.1,5564.11,3.9561421,10.69120032
2018-11-14T19:22:25.0000000,5564.1,5564.11,2.9561421,10.69120032
2018-11-14T19:22:25.0000000,5564.1,5564.11,2.9561421,9.69120032
2018-11-14T19:22:26.0000000,5564.1,5564.11,2.9561421,10.69120032
2018-11-14T19:22:26.0000000,5564.1,5564.11,2.9561421,9.69120032
2018-11-14T19:22:26.0000000,5564.1,5564.11,2.9561421,9.68117558
11/14/2018 19:22:26,5564.1,5564.11,2.9561421,9.68117558,7328653389,11/14/2018 19:22:26,sell,0.01002474,5564.11000000
2018-11-14T19:22:26.0000000,5564.1,5564.11,2.9561421,9.68117558
2018-11-14T19:22:26.0000000,5564.1,5564.11,3.9561421,9.68117558
2018-11-14T19:22:27.0000000,5564.1,5564.11,3.9561421,9.61825454
11/14/2018 19:22:27,5564.1,5564.11,3.9561421,9.61825454,7328653411,11/14/2018 19:22:27,sell,0.06292104,5564.11000000
2018-11-14T19:22:27.0000000,5564.1,5564.11,3.9561421,9.61825454
2018-11-14T19:22:27.0000000,5564.1,5564.11,2.9561421,9.61825454
2018-11-14T19:22:27.0000000,5564.1,5564.11,3.9561421,9.61825454
2018-11-14T19:22:27.0000000,5564.1,5564.11,3.9561421,9.59199338
11/14/2018 19:22:27,5564.1,5564.11,3.9561421,9.59199338,7328653456,11/14/2018 19:22:27,sell,0.02626116,5564.11000000
2018-11-14T19:22:27.0000000,5564.1,5564.11,3.9561421,9.59199338
2018-11-14T19:22:27.0000000,5564.1,5564.11,3.9561421,2.09199338
2018-11-14T19:22:27.0000000,5564.1,5564.11,11.3741421,2.09199338
2018-11-14T19:22:28.0000000,5564.1,5564.11,11.3741421,2.07439338
11/14/2018 19:22:28,5564.1,5564.11,11.3741421,2.07439338,7328653493,11/14/2018 19:22:28,sell,0.01760000,5564.11000000
2018-11-14T19:22:28.0000000,5564.1,5564.11,11.3741421,1.19120032
2018-11-14T19:22:28.0000000,5564.1,5564.11,11.3741421,1.19120032
2018-11-14T19:22:28.0000000,5564.1,5564.11,11.3741421,0
2018-11-14T19:22:28.0000000,5564.1,5564.11,11.3741421,0.00179723
2018-11-14T19:22:29.0000000,5564.1,5564.11,11.33213641,0.00179723
11/14/2018 19:22:29,5564.1,5564.11,11.33213641,0.00179723,7328653571,11/14/2018 19:22:29,buy,0.04200569,5564.10000000
2018-11-14T19:22:29.0000000,5564.1,5564.11,11.33213641,0.00179723
2018-11-14T19:22:29.0000000,5564.1,5564.11,11.33213641,0
11/14/2018 19:22:29,5564.1,5564.11,11.33213641,0,7328653606,11/14/2018 19:22:29,sell,0.00179723,5564.11000000
2018-11-14T19:22:29.0000000,5564.1,5565.09,11.33213641,0
2018-11-14T19:22:29.0000000,5564.1,5565.09,11.33213641,0.48892453
11/14/2018 19:22:29,5564.1,5565.09,11.33213641,0.48892453,7328653608,11/14/2018 19:22:29,sell,0.01107547,5565.09000000
2018-11-14T19:22:29.0000000,5564.1,5565.09,11.33213641,0.48892453
2018-11-14T19:22:29.0000000,5564.1,5565.09,3.91413641,0.48892453
2018-11-14T19:22:29.0000000,5564.1,5565.09,2.91413641,0.48892453
11/14/2018 19:22:29,5564.1,5565.09,2.91413641,0.48892453,7328653652,11/14/2018 19:22:29,sell,0.08530000,5564.62000000
2018-11-14T19:22:29.0000000,5564.61,5564.62,2.91413641,0.48892453
2018-11-14T19:22:30.0000000,5564.61,5564.62,2.91413641,0.5317
11/14/2018 19:22:30,5564.61,5564.62,2.91413641,0.5317,7328653661,11/14/2018 19:22:30,sell,0.38300000,5564.62000000
2018-11-14T19:22:30.0000000,5564.61,5564.62,2.91413641,0.5317
2018-11-14T19:22:30.0000000,5564.61,5564.62,8.418,0.5317
2018-11-14T19:22:30.0000000,5564.61,5564.62,7.418,0.5317
2018-11-14T19:22:30.0000000,5564.61,5564.62,8.418,0.5317
2018-11-14T19:22:30.0000000,5564.61,5564.62,8.418,0.510192
11/14/2018 19:22:30,5564.61,5564.62,8.418,0.510192,7328653696,11/14/2018 19:22:30,sell,0.02150800,5564.62000000
2018-11-14T19:22:30.0000000,5564.61,5564.62,8.418,0.510192
2018-11-14T19:22:30.0000000,5564.61,5564.62,8.418,0.978492
2018-11-14T19:22:30.0000000,5564.61,5564.62,8.418,0.94327398
11/14/2018 19:22:30,5564.61,5564.62,8.418,0.94327398,7328653704,11/14/2018 19:22:30,sell,0.03521802,5564.62000000
2018-11-14T19:22:30.0000000,5564.61,5564.62,8.418,0.94327398
2018-11-14T19:22:31.0000000,5564.61,5564.62,8.418,0.93826684
11/14/2018 19:22:31,5564.61,5564.62,8.418,0.93826684,7328653710,11/14/2018 19:22:31,sell,0.00500714,5564.62000000
2018-11-14T19:22:31.0000000,5564.61,5564.62,8.418,0.93826684
2018-11-14T19:22:31.0000000,5564.61,5564.62,8.418,0.90390993
11/14/2018 19:22:31,5564.61,5564.62,8.418,0.90390993,7328653716,11/14/2018 19:22:31,sell,0.03435691,5564.62000000
2018-11-14T19:22:31.0000000,5564.61,5564.62,8.418,0.90390993
2018-11-14T19:22:31.0000000,5564.61,5564.62,8.418,0.88962193
11/14/2018 19:22:31,5564.61,5564.62,8.418,0.88962193,7328653719,11/14/2018 19:22:31,sell,0.01428800,5564.62000000
2018-11-14T19:22:31.0000000,5564.61,5564.62,8.418,0.88962193
2018-11-14T19:22:32.0000000,5564.61,5564.62,8.418,0.83962193
11/14/2018 19:22:32,5564.61,5564.62,8.418,0.83962193,7328653722,11/14/2018 19:22:32,sell,0.05000000,5564.62000000
2018-11-14T19:22:32.0000000,5564.61,5564.62,8.418,0.83962193
2018-11-14T19:22:32.0000000,5564.61,5564.62,8.418,0.95
2018-11-14T19:22:33.0000000,5564.61,5564.62,8.418,0.9392792
11/14/2018 19:22:33,5564.61,5564.62,8.418,0.9392792,7328653785,11/14/2018 19:22:33,sell,0.01072080,5564.62000000
2018-11-14T19:22:33.0000000,5564.61,5564.62,8.418,0.9392792
2018-11-14T19:22:33.0000000,5564.61,5564.62,8.418,0.82890113
2018-11-14T19:22:33.0000000,5564.61,5564.62,8.418,0.36060113
2018-11-14T19:22:33.0000000,5564.61,5564.62,8.418,0
11/14/2018 19:22:33,5564.61,5564.62,8.418,0,7328653791,11/14/2018 19:22:33,sell,0.17613838,5565.55000000
2018-11-14T19:22:33.0000000,5564.61,5565.55,8.418,0
2018-11-14T19:22:33.0000000,5564.61,5565.55,8.418,1.88838782
11/14/2018 19:22:33,5564.61,5565.55,8.418,1.88838782,7328653803,11/14/2018 19:22:33,sell,0.09647380,5565.55000000
2018-11-14T19:22:33.0000000,5564.61,5565.55,8.418,1.88838782
2018-11-14T19:22:33.0000000,5564.61,5565.55,8.2014787,1.88838782
11/14/2018 19:22:33,5564.61,5565.55,8.2014787,1.88838782,7328653810,11/14/2018 19:22:33,buy,0.21652130,5564.61000000
2018-11-14T19:22:33.0000000,5564.61,5565.55,8.2014787,1.88838782
2018-11-14T19:22:33.0000000,5564.61,5565.55,8.8298787,1.88838782
2018-11-14T19:22:33.0000000,5564.61,5565.55,8.81423853,1.88838782
11/14/2018 19:22:33,5564.61,5565.55,8.81423853,1.88838782,7328653838,11/14/2018 19:22:33,buy,0.01564017,5564.61000000
2018-11-14T19:22:33.0000000,5564.61,5565.55,8.81423853,1.88838782
2018-11-14T19:22:34.0000000,5564.61,5565.55,8.81423853,1.87104235
11/14/2018 19:22:34,5564.61,5565.55,8.81423853,1.87104235,7328653881,11/14/2018 19:22:34,sell,0.01734547,5565.55000000
2018-11-14T19:22:34.0000000,5564.61,5565.55,8.81423853,1.87104235
2018-11-14T19:22:34.0000000,5564.61,5565.55,8.81423853,1.67756221
11/14/2018 19:22:34,5564.61,5565.55,8.81423853,1.67756221,7328653919,11/14/2018 19:22:34,sell,0.19348014,5565.55000000
2018-11-14T19:22:34.0000000,5564.61,5565.55,8.81423853,1.67756221
2018-11-14T19:22:35.0000000,5564.61,5565.55,8.81423853,1.62756221
11/14/2018 19:22:35,5564.61,5565.55,8.81423853,1.62756221,7328654004,11/14/2018 19:22:35,sell,0.05000000,5565.55000000
2018-11-14T19:22:35.0000000,5564.61,5565.55,8.81423853,1.62756221
2018-11-14T19:22:36.0000000,5564.61,5565.55,8.81423853,1.53949302
11/14/2018 19:22:36,5564.61,5565.55,8.81423853,1.53949302,7328654091,11/14/2018 19:22:36,sell,0.08806919,5565.55000000
2018-11-14T19:22:36.0000000,5564.61,5565.55,8.81423853,1.53949302
2018-11-14T19:22:37.0000000,5564.61,5565.55,8.81423853,0.53949302
11/14/2018 19:22:37,5564.61,5565.55,8.81423853,0.53949302,7328654141,11/14/2018 19:22:37,sell,1.00000000,5565.55000000
2018-11-14T19:22:37.0000000,5564.61,5565.55,8.81423853,0.53949302
2018-11-14T19:22:37.0000000,5564.61,5565.55,8.7027497,0.53949302
11/14/2018 19:22:37,5564.61,5565.55,8.7027497,0.53949302,7328654151,11/14/2018 19:22:37,buy,0.11148883,5564.61000000
2018-11-14T19:22:37.0000000,5564.61,5565.55,8.7027497,0.53949302
2018-11-14T19:22:37.0000000,5564.61,5565.55,8.7027497,0
11/14/2018 19:22:37,5564.61,5565.55,8.7027497,0,7328654195,11/14/2018 19:22:37,sell,0.53949302,5565.55000000
2018-11-14T19:22:37.0000000,5564.61,5566.88,8.7027497,0
2018-11-14T19:22:37.0000000,5564.61,5566.88,8.7027497,0.03949302
11/14/2018 19:22:37,5564.61,5566.88,8.7027497,0.03949302,7328654197,11/14/2018 19:22:37,sell,0.46050698,5566.88000000
2018-11-14T19:22:37.0000000,5564.61,5566.88,8.7027497,0.03949302
2018-11-14T19:22:37.0000000,5564.61,5566.88,1.6284,0.03949302
2018-11-14T19:22:37.0000000,5564.61,5566.88,1.6284,0
11/14/2018 19:22:39,5564.61,5566.88,1.6284,0,7328654370,11/14/2018 19:22:39,sell,0.00330982,5568.99000000
2018-11-14T19:22:39.0000000,5566.87,5568.99,1.6284,0
2018-11-14T19:22:40.0000000,5566.87,5568.99,1.6284,0.99248747
11/14/2018 19:22:40,5566.87,5568.99,1.6284,0.99248747,7328654399,11/14/2018 19:22:40,sell,0.00420271,5568.99000000
2018-11-14T19:22:40.0000000,5566.87,5568.99,1.6284,0.99248747
2018-11-14T19:22:40.0000000,5566.87,5568.99,7.075,0.99248747
2018-11-14T19:22:40.0000000,5566.87,5568.99,0,0.99248747
11/14/2018 19:22:40,5566.87,5568.99,0,0.99248747,7328654458,11/14/2018 19:22:40,sell,0.00447085,5564.63000000
2018-11-14T19:22:40.0000000,5564.62,5564.63,0,0.99248747
2018-11-14T19:22:40.0000000,5564.62,5564.63,0,0.99248747
2018-11-14T19:22:40.0000000,5564.62,5564.63,7.075,0.99248747
2018-11-14T19:22:40.0000000,5564.62,5564.63,7.075,0
2018-11-14T19:22:40.0000000,5564.62,5564.63,7.075,0.077
2018-11-14T19:22:40.0000000,5564.62,5564.63,0,0.077
2018-11-14T19:22:40.0000000,5564.62,5564.63,0,7.152
2018-11-14T19:22:40.0000000,5564.62,5564.63,0,7.075
11/14/2018 19:22:40,5564.62,5564.63,0,7.075,7328654487,11/14/2018 19:22:40,sell,0.00241576,5564.64000000
2018-11-14T19:22:40.0000000,5564.63,5564.64,0,7.075
2018-11-14T19:22:40.0000000,5564.63,5564.64,7.152,7.075
2018-11-14T19:22:41.0000000,5564.63,5564.64,7.075,7.075
2018-11-14T19:22:41.0000000,5564.63,5564.64,7.152,7.075
2018-11-14T19:22:41.0000000,5564.63,5564.64,0.077,7.075
11/14/2018 19:22:41,5564.63,5564.64,0.077,7.075,7328654510,11/14/2018 19:22:41,buy,7.07500000,5564.63000000
2018-11-14T19:22:41.0000000,5564.63,5564.64,0.077,7.075
2018-11-14T19:22:41.0000000,5564.63,5564.64,0,7.075
11/14/2018 19:22:41,5564.63,5564.64,0,7.075,7328654512,11/14/2018 19:22:41,buy,0.07700000,5564.63000000
11/14/2018 19:22:41,5564.63,5564.64,0,7.075,7328654514,11/14/2018 19:22:41,buy,0.62840000,5564.61000000
11/14/2018 19:22:41,5564.63,5564.64,0,7.075,7328654516,11/14/2018 19:22:41,buy,2.91413641,5564.10000000
11/14/2018 19:22:41,5564.63,5564.64,0,7.075,7328654518,11/14/2018 19:22:41,buy,0.16165064,5564.10000000
11/14/2018 19:22:41,5564.63,5564.64,0,7.075,7328654520,11/14/2018 19:22:41,buy,0.00100000,5563.96000000
11/14/2018 19:22:41,5564.63,5564.64,0,7.075,7328654522,11/14/2018 19:22:41,buy,0.01500000,5563.06000000
11/14/2018 19:22:41,5564.63,5564.64,0,7.075,7328654524,11/14/2018 19:22:41,buy,0.50000000,5563.00000000
11/14/2018 19:22:41,5564.63,5564.64,0,7.075,7328654526,11/14/2018 19:22:41,buy,0.00156810,5560.88000000
11/14/2018 19:22:41,5564.63,5564.64,0,7.075,7328654528,11/14/2018 19:22:41,buy,0.00900000,5560.36000000
2018-11-14T19:22:41.0000000,5560,5564.64,0,7.075
2018-11-14T19:22:41.0000000,5560,5564.64,1.27781129,7.075
11/14/2018 19:22:41,5560,5564.64,1.27781129,7.075,7328654530,11/14/2018 19:22:41,buy,0.00100000,5560.00000000
2018-11-14T19:22:41.0000000,5560,5564.64,0.44388163,7.075
11/14/2018 19:22:41,5560,5564.64,0.44388163,7.075,7328654532,11/14/2018 19:22:41,buy,0.83392966,5560.00000000
2018-11-14T19:22:41.0000000,5560,5564.64,0.43388163,7.075
11/14/2018 19:22:41,5560,5564.64,0.43388163,7.075,7328654534,11/14/2018 19:22:41,buy,0.01000000,5560.00000000
2018-11-14T19:22:41.0000000,5560,5564.64,0.41388163,7.075
11/14/2018 19:22:41,5560,5564.64,0.41388163,7.075,7328654536,11/14/2018 19:22:41,buy,0.02000000,5560.00000000
2018-11-14T19:22:41.0000000,5560,5564.64,0.23,7.075
11/14/2018 19:22:41,5560,5564.64,0.23,7.075,7328654538,11/14/2018 19:22:41,buy,0.18388163,5560.00000000
2018-11-14T19:22:41.0000000,5560,5564.64,0.2,7.075
11/14/2018 19:22:41,5560,5564.64,0.2,7.075,7328654540,11/14/2018 19:22:41,buy,0.03000000,5560.00000000
2018-11-14T19:22:41.0000000,5560,5564.64,0,7.075
11/14/2018 19:22:41,5560,5564.64,0,7.075,7328654542,11/14/2018 19:22:41,buy,0.20000000,5560.00000000
11/14/2018 19:22:41,5560,5564.64,0,7.075,7328654544,11/14/2018 19:22:41,buy,0.00426670,5559.25000000
11/14/2018 19:22:41,5560,5564.64,0,7.075,7328654546,11/14/2018 19:22:41,buy,0.02000000,5558.99000000
11/14/2018 19:22:41,5560,5564.64,0,7.075,7328654548,11/14/2018 19:22:41,buy,1.00000000,5558.63000000
11/14/2018 19:22:41,5560,5564.64,0,7.075,7328654550,11/14/2018 19:22:41,buy,0.01500000,5558.06000000
11/14/2018 19:22:41,5560,5564.64,0,7.075,7328654552,11/14/2018 19:22:41,buy,0.00154000,5557.47000000
11/14/2018 19:22:41,5560,5564.64,0,7.075,7328654554,11/14/2018 19:22:41,buy,2.00000000,5556.01000000
11/14/2018 19:22:41,5560,5564.64,0,7.075,7328654556,11/14/2018 19:22:41,buy,0.50000000,5556.01000000
11/14/2018 19:22:41,5560,5564.64,0,7.075,7328654558,11/14/2018 19:22:41,buy,0.00100000,5556.00000000
11/14/2018 19:22:41,5560,5564.64,0,7.075,7328654560,11/14/2018 19:22:41,buy,0.10628149,5556.00000000
11/14/2018 19:22:41,5560,5564.64,0,7.075,7328654562,11/14/2018 19:22:41,buy,0.00900000,5555.36000000
11/14/2018 19:22:41,5560,5564.64,0,7.075,7328654564,11/14/2018 19:22:41,buy,0.00200000,5555.00000000
11/14/2018 19:22:41,5560,5564.64,0,7.075,7328654566,11/14/2018 19:22:41,buy,0.35928537,5555.00000000
11/14/2018 19:22:41,5560,5564.64,0,7.075,7328654568,11/14/2018 19:22:41,buy,1.00000000,5554.65000000
11/14/2018 19:22:41,5560,5564.64,0,7.075,7328654570,11/14/2018 19:22:41,buy,0.00179723,5554.10000000
11/14/2018 19:22:41,5560,5564.64,0,7.075,7328654572,11/14/2018 19:22:41,buy,0.23930266,5553.98000000
11/14/2018 19:22:41,5560,5564.64,0,7.075,7328654574,11/14/2018 19:22:41,buy,0.00100000,5553.27000000
11/14/2018 19:22:41,5560,5564.64,0,7.075,7328654576,11/14/2018 19:22:41,buy,0.25000000,5553.27000000
11/14/2018 19:22:41,5560,5564.64,0,7.075,7328654578,11/14/2018 19:22:41,buy,0.01500000,5552.79000000
11/14/2018 19:22:41,5560,5564.64,0,7.075,7328654580,11/14/2018 19:22:41,buy,0.00427193,5552.30000000
11/14/2018 19:22:41,5560,5564.64,0,7.075,7328654582,11/14/2018 19:22:41,buy,0.00100000,5551.00000000
11/14/2018 19:22:41,5560,5564.64,0,7.075,7328654584,11/14/2018 19:22:41,buy,0.33838200,5550.02000000
11/14/2018 19:22:41,5560,5564.64,0,7.075,7328654586,11/14/2018 19:22:41,buy,0.48498134,5550.01000000
11/14/2018 19:22:41,5560,5564.64,0,7.075,7328654588,11/14/2018 19:22:41,buy,0.25612453,5550.01000000
11/14/2018 19:22:41,5560,5564.64,0,7.075,7328654590,11/14/2018 19:22:41,buy,0.25000000,5550.01000000
11/14/2018 19:22:41,5560,5564.64,0,7.075,7328654592,11/14/2018 19:22:41,buy,1.49999999,5550.01000000
11/14/2018 19:22:41,5560,5564.64,0,7.075,7328654594,11/14/2018 19:22:41,buy,0.00500000,5550.00000000
11/14/2018 19:22:41,5560,5564.64,0,7.075,7328654596,11/14/2018 19:22:41,buy,0.30000000,5550.00000000
11/14/2018 19:22:41,5560,5564.64,0,7.075,7328654598,11/14/2018 19:22:41,buy,0.00100000,5550.00000000
11/14/2018 19:22:41,5560,5564.64,0,7.075,7328654600,11/14/2018 19:22:41,buy,0.00400000,5550.00000000
11/14/2018 19:22:41,5560,5564.64,0,7.075,7328654602,11/14/2018 19:22:41,buy,0.52856387,5550.00000000
11/14/2018 19:22:41,5560,5564.64,0,7.075,7328654604,11/14/2018 19:22:41,buy,0.27027300,5550.00000000
11/14/2018 19:22:41,5560,5564.64,0,7.075,7328654606,11/14/2018 19:22:41,buy,6.75852920,5550.00000000
2018-11-14T19:22:41.0000000,5560,5564.64,0,0
2018-11-14T19:22:41.0000000,5550,5567.27,0,0
2018-11-14T19:22:41.0000000,5550,5567.27,0,8.5
2018-11-14T19:22:41.0000000,5550,5567.27,0,1
2018-11-14T19:22:41.0000000,5550,5567.27,0,0
11/14/2018 19:22:41,5550,5567.27,0,0,7328654814,11/14/2018 19:22:41,sell,0.78109776,5560.76000000
11/14/2018 19:22:41,5550,5567.27,0,0,7328654816,11/14/2018 19:22:41,sell,0.29070224,5560.77000000
2018-11-14T19:22:41.0000000,5558.46,5560.77,0,0
2018-11-14T19:22:41.0000000,5558.46,5560.77,0,0.01689776
11/14/2018 19:22:41,5558.46,5560.77,0,0.01689776,7328654823,11/14/2018 19:22:41,sell,0.69240000,5560.77000000
2018-11-14T19:22:41.0000000,5558.46,5560.77,0,0.01689776
2018-11-14T19:22:41.0000000,5558.46,5560.77,0,0
11/14/2018 19:22:41,5558.46,5560.77,0,0,7328654826,11/14/2018 19:22:41,sell,0.01689776,5560.77000000
2018-11-14T19:22:41.0000000,5558.46,5560.76,0,0
2018-11-14T19:22:41.0000000,5558.46,5560.76,0,7.48265338
11/14/2018 19:22:41,5558.46,5560.76,0,7.48265338,7328654832,11/14/2018 19:22:41,sell,0.01734662,5560.76000000
2018-11-14T19:22:41.0000000,5558.46,5560.76,0,7.48265338
2018-11-14T19:22:41.0000000,5558.46,5560.76,0,0
11/14/2018 19:22:41,5558.46,5560.76,0,0,7328654844,11/14/2018 19:22:41,sell,0.10510000,5560.75000000
2018-11-14T19:22:41.0000000,5558.46,5560.75,0,0
2018-11-14T19:22:41.0000000,5558.46,5560.75,0,8.3949
2018-11-14T19:22:41.0000000,5558.46,5560.75,0.061,8.3949
2018-11-14T19:22:42.0000000,5558.46,5560.75,0.017,8.3949
2018-11-14T19:22:42.0000000,5558.46,5560.75,0.017,8.2731
11/14/2018 19:22:42,5558.46,5560.75,0.017,8.2731,7328654959,11/14/2018 19:22:42,sell,0.12180000,5560.75000000
2018-11-14T19:22:42.0000000,5558.46,5560.75,0.017,8.2731
2018-11-14T19:22:42.0000000,5558.46,5560.75,0.017,0.7731
2018-11-14T19:22:42.0000000,5558.46,5560.75,0.017,0
2018-11-14T19:22:42.0000000,5558.46,5560.75,0,0
11/14/2018 19:22:43,5558.46,5560.75,0,0,7328655079,11/14/2018 19:22:43,sell,0.12970000,5560.69000000
2018-11-14T19:22:43.0000000,5558.47,5560.69,0,0
2018-11-14T19:22:43.0000000,5558.47,5560.69,0,0
2018-11-14T19:22:43.0000000,5558.47,5560.69,1,0
2018-11-14T19:22:43.0000000,5558.47,5560.69,0,0
11/14/2018 19:22:43,5558.47,5560.69,0,0,7328655164,11/14/2018 19:22:43,buy,0.07700000,5553.56000000
2018-11-14T19:22:43.0000000,5553.56,5560.69,0,0
2018-11-14T19:22:43.0000000,5553.56,5560.69,0,0
11/14/2018 19:22:43,5553.56,5560.69,0,0,7328655166,11/14/2018 19:22:43,buy,0.01700000,5553.56000000
2018-11-14T19:22:43.0000000,5553.55,5560.69,0,0
2018-11-14T19:22:43.0000000,5553.55,5560.69,0,0
11/14/2018 19:22:43,5553.55,5560.69,0,0,7328655168,11/14/2018 19:22:43,buy,0.05000000,5553.55000000
11/14/2018 19:22:43,5553.55,5560.69,0,0,7328655170,11/14/2018 19:22:43,buy,0.04400000,5553.54000000
11/14/2018 19:22:43,5553.55,5560.69,0,0,7328655172,11/14/2018 19:22:43,buy,0.56539363,5553.53000000
2018-11-14T19:22:43.0000000,5553.53,5560.69,0,0
11/14/2018 19:22:43,5553.53,5560.69,0,0,7328655213,11/14/2018 19:22:43,sell,0.05733416,5559.54000000
2018-11-14T19:22:43.0000000,5553.6,5559.54,0,0
2018-11-14T19:22:43.0000000,5553.6,5559.54,0,0
11/14/2018 19:22:43,5553.6,5559.54,0,0,7328655219,11/14/2018 19:22:43,sell,0.00348864,5559.74000000
2018-11-14T19:22:43.0000000,5553.6,5559.74,0,0
2018-11-14T19:22:44.0000000,5553.6,5559.74,0,0
2018-11-14T19:22:44.0000000,5553.6,5559.74,0,0
11/14/2018 19:22:44,5553.6,5559.74,0,0,7328655260,11/14/2018 19:22:44,sell,0.39191836,5559.45000000
2018-11-14T19:22:44.0000000,5553.64,5559.45,0,0
2018-11-14T19:22:44.0000000,5553.64,5559.45,0,0
2018-11-14T19:22:44.0000000,5553.64,5559.45,0,0
11/14/2018 19:22:44,5553.64,5559.45,0,0,7328655299,11/14/2018 19:22:44,sell,0.01734176,5562.26000000
2018-11-14T19:22:44.0000000,5553.67,5562.26,0,0
2018-11-14T19:22:44.0000000,5553.67,5562.26,0,0
11/14/2018 19:22:44,5553.67,5562.26,0,0,7328655303,11/14/2018 19:22:44,sell,0.13754811,5562.27000000
2018-11-14T19:22:44.0000000,5553.67,5562.27,0,0
2018-11-14T19:22:44.0000000,5553.67,5562.27,0,0
2018-11-14T19:22:44.0000000,5553.67,5562.27,0,0.31
11/14/2018 19:22:44,5553.67,5562.27,0,0.31,7328655337,11/14/2018 19:22:44,sell,0.55245189,5562.27000000
2018-11-14T19:22:44.0000000,5554.6,5562.27,0,0.31
2018-11-14T19:22:44.0000000,5554.6,5562.27,0,0.12188632
11/14/2018 19:22:44,5554.6,5562.27,0,0.12188632,7328655339,11/14/2018 19:22:44,sell,0.18811368,5562.27000000
2018-11-14T19:22:44.0000000,5554.6,5562.27,0,0.12188632
2018-11-14T19:22:44.0000000,5554.6,5562.27,0,0.12188632
2018-11-14T19:22:44.0000000,5554.6,5562.27,0,0
11/14/2018 19:22:44,5554.6,5562.27,0,0,7328655355,11/14/2018 19:22:44,sell,0.12188632,5562.27000000
2018-11-14T19:22:44.0000000,5555.12,5564.81,0,0
2018-11-14T19:22:44.0000000,5555.12,5564.81,0,0
2018-11-14T19:22:44.0000000,5555.12,5564.81,0,0
11/14/2018 19:22:45,5555.12,5564.81,0,0,7328655529,11/14/2018 19:22:45,sell,0.07399780,5562.22000000
2018-11-14T19:22:45.0000000,5554.55,5562.22,0,0
2018-11-14T19:22:45.0000000,5554.55,5562.22,0,0
2018-11-14T19:22:45.0000000,5554.55,5562.22,0,0
11/14/2018 19:22:46,5554.55,5562.22,0,0,7328655627,11/14/2018 19:22:46,sell,0.00330900,5562.27000000
2018-11-14T19:22:46.0000000,5554.64,5562.27,0,0
2018-11-14T19:22:46.0000000,5554.64,5562.27,0,0
2018-11-14T19:22:47.0000000,5554.64,5562.27,0,0.43989435
11/14/2018 19:22:47,5554.64,5562.27,0,0.43989435,7328655652,11/14/2018 19:22:47,sell,0.00679665,5562.27000000
2018-11-14T19:22:47.0000000,5554.68,5562.27,0,0.43989435
2018-11-14T19:22:47.0000000,5554.68,5562.27,0,0.43989435
2018-11-14T19:22:47.0000000,5554.68,5562.27,0,0.32889635
11/14/2018 19:22:47,5554.68,5562.27,0,0.32889635,7328655694,11/14/2018 19:22:47,sell,0.11099800,5562.27000000
2018-11-14T19:22:47.0000000,5554.72,5562.27,0,0.32889635
2018-11-14T19:22:47.0000000,5554.72,5562.27,0,0.32889635
2018-11-14T19:22:47.0000000,5554.72,5562.27,0,0.33069418
2018-11-14T19:22:48.0000000,5554.72,5562.27,0,0.21069418
2018-11-14T19:22:48.0000000,5554.72,5562.27,0,0.02069418
2018-11-14T19:22:48.0000000,5554.72,5562.27,0,0.00179783
11/14/2018 19:22:48,5554.72,5562.27,0,0.00179783,7328655796,11/14/2018 19:22:48,sell,0.02578472,5560.95000000
2018-11-14T19:22:48.0000000,5554.8,5560.95,0,0.00179783
2018-11-14T19:22:48.0000000,5554.8,5560.95,0,0.00179783
11/14/2018 19:22:49,5554.8,5560.95,0,0.00179783,7328655846,11/14/2018 19:22:49,buy,0.06226417,5554.86000000
2018-11-14T19:22:49.0000000,5554.86,5560.95,0,0.00179783
2018-11-14T19:22:49.0000000,5554.86,5560.95,0,0.00179783
2018-11-14T19:22:49.0000000,5554.86,5560.95,0,1.16626309
11/14/2018 19:22:49,5554.86,5560.95,0,1.16626309,7328655876,11/14/2018 19:22:49,sell,0.00295219,5560.95000000
2018-11-14T19:22:49.0000000,5554.88,5560.95,0,1.16626309
2018-11-14T19:22:50.0000000,5554.88,5560.95,0,1.16626309
11/14/2018 19:22:50,5554.88,5560.95,0,1.16626309,7328655934,11/14/2018 19:22:50,sell,0.03522790,5560.92000000
2018-11-14T19:22:50.0000000,5554.77,5560.92,0,1.16626309
2018-11-14T19:22:51.0000000,5554.77,5560.92,0,1.16626309
2018-11-14T19:22:51.0000000,5554.77,5560.92,0,0.26397922
11/14/2018 19:22:51,5554.77,5560.92,0,0.26397922,7328655977,11/14/2018 19:22:51,sell,0.00179288,5560.92000000
2018-11-14T19:22:51.0000000,5554.78,5560.92,0,0.26397922
2018-11-14T19:22:51.0000000,5554.78,5560.92,0,0.26397922
2018-11-14T19:22:52.0000000,5554.78,5560.92,0.73773583,0.26397922
2018-11-14T19:22:52.0000000,5554.78,5560.92,0.73773583,0.228455
11/14/2018 19:22:52,5554.78,5560.92,0.73773583,0.228455,7328656059,11/14/2018 19:22:52,sell,0.03552422,5560.92000000
2018-11-14T19:22:52.0000000,5554.78,5560.92,0.73773583,0.228455
2018-11-14T19:22:52.0000000,5554.78,5560.92,0.76873583,0.228455
2018-11-14T19:22:52.0000000,5554.78,5560.92,0.031,0.228455
2018-11-14T19:22:52.0000000,5554.78,5560.92,0,0.228455
2018-11-14T19:22:52.0000000,5554.78,5560.92,0.73773583,0.228455
2018-11-14T19:22:52.0000000,5554.78,5560.92,0,0.228455
2018-11-14T19:22:53.0000000,5554.78,5560.92,0,0
11/14/2018 19:22:53,5554.78,5560.92,0,0,7328656176,11/14/2018 19:22:53,sell,0.22845500,5560.92000000
2018-11-14T19:22:53.0000000,5554.93,5560.95,0,0
2018-11-14T19:22:53.0000000,5554.93,5560.95,0,0.37951809
11/14/2018 19:22:53,5554.93,5560.95,0,0.37951809,7328656178,11/14/2018 19:22:53,sell,0.78674500,5560.95000000
2018-11-14T19:22:53.0000000,5554.93,5560.95,0,0.37951809
2018-11-14T19:22:53.0000000,5554.93,5560.95,0,0.37951809
2018-11-14T19:22:53.0000000,5554.93,5560.95,0,0.38131634
2018-11-14T19:22:54.0000000,5554.93,5560.95,0,0.29322278
11/14/2018 19:22:54,5554.93,5560.95,0,0.29322278,7328656245,11/14/2018 19:22:54,sell,0.08809356,5560.95000000
2018-11-14T19:22:54.0000000,5555,5560.95,0,0.29322278
2018-11-14T19:22:54.0000000,5555,5560.95,0,0.29322278
2018-11-14T19:22:54.0000000,5555,5560.95,0,0.29142453
11/14/2018 19:22:55,5555,5560.95,0,0.29142453,7328656414,11/14/2018 19:22:55,buy,0.00100000,5559.98000000
11/14/2018 19:22:55,5555,5560.95,0,0.29142453,7328656416,11/14/2018 19:22:55,buy,0.03100000,5555.19000000
11/14/2018 19:22:55,5555,5560.95,0,0.29142453,7328656418,11/14/2018 19:22:55,buy,0.40020000,5555.16000000
11/14/2018 19:22:55,5555,5560.95,0,0.29142453,7328656420,11/14/2018 19:22:55,buy,0.01000000,5555.05000000
2018-11-14T19:22:55.0000000,5554.75,5554.79,0,0.29142453
2018-11-14T19:22:55.0000000,5554.75,5554.79,0,0
11/14/2018 19:22:55,5554.75,5554.79,0,0,7328656447,11/14/2018 19:22:55,sell,0.05780000,5554.79000000
2018-11-14T19:22:55.0000000,5554.76,5554.8,0,0
2018-11-14T19:22:55.0000000,5554.76,5554.8,0,0
2018-11-14T19:22:55.0000000,5554.76,5554.8,0,0
11/14/2018 19:22:55,5554.76,5554.8,0,0,7328656455,11/14/2018 19:22:55,buy,0.50000000,5554.79000000
2018-11-14T19:22:55.0000000,5554.79,5560.94,0,0
2018-11-14T19:22:55.0000000,5554.79,5560.94,0,0
11/14/2018 19:22:55,5554.79,5560.94,0,0,7328656472,11/14/2018 19:22:55,sell,0.02200000,5560.95000000
2018-11-14T19:22:55.0000000,5554.8,5560.95,0,0
11/14/2018 19:22:55,5554.8,5560.95,0,0,7328656485,11/14/2018 19:22:55,buy,0.44220000,5558.17000000
2018-11-14T19:22:55.0000000,5554.8,5560.95,0,0
2018-11-14T19:22:55.0000000,5554.8,5560.95,0.23773583,0
11/14/2018 19:22:55,5554.8,5560.95,0.23773583,0,7328656490,11/14/2018 19:22:55,buy,0.50000000,5554.80000000
2018-11-14T19:22:55.0000000,5554.8,5557.05,0.23773583,0
2018-11-14T19:22:55.0000000,5554.8,5557.05,0.23773583,0
2018-11-14T19:22:55.0000000,5554.8,5557.05,0,0
11/14/2018 19:22:55,5554.8,5557.05,0,0,7328656504,11/14/2018 19:22:55,buy,0.50000000,5557.04000000
2018-11-14T19:22:55.0000000,5557.04,5560.95,0,0
2018-11-14T19:22:55.0000000,5557.04,5560.95,0,0
11/14/2018 19:22:56,5557.04,5560.95,0,0,7328656606,11/14/2018 19:22:56,sell,0.10042623,5560.74000000
2018-11-14T19:22:56.0000000,5554.78,5560.74,0,0
2018-11-14T19:22:56.0000000,5554.78,5560.74,0,0
2018-11-14T19:22:56.0000000,5554.78,5560.74,0.01,0
2018-11-14T19:22:56.0000000,5554.78,5560.74,0.24773583,0
2018-11-14T19:22:56.0000000,5554.78,5560.74,0.01,0
2018-11-14T19:22:56.0000000,5554.78,5560.74,0.24773583,0
2018-11-14T19:22:56.0000000,5554.78,5560.74,0.01,0
11/14/2018 19:22:56,5554.78,5560.74,0.01,0,7328656701,11/14/2018 19:22:56,sell,0.03522777,5560.70000000
2018-11-14T19:22:56.0000000,5554.8,5560.7,0.01,0
2018-11-14T19:22:57.0000000,5554.8,5560.7,0.01,0
2018-11-14T19:22:57.0000000,5554.8,5560.7,0,0
11/14/2018 19:22:57,5554.8,5560.7,0,0,7328656815,11/14/2018 19:22:57,sell,0.04383610,5560.93000000
2018-11-14T19:22:57.0000000,5555.06,5560.93,0,0
2018-11-14T19:22:57.0000000,5555.06,5560.93,0,0
11/14/2018 19:22:57,5555.06,5560.93,0,0,7328656828,11/14/2018 19:22:57,buy,0.28157193,5555.09000000
11/14/2018 19:22:57,5555.06,5560.93,0,0,7328656830,11/14/2018 19:22:57,buy,0.01000000,5555.08000000
11/14/2018 19:22:57,5555.06,5560.93,0,0,7328656832,11/14/2018 19:22:57,buy,0.01000000,5555.08000000
2018-11-14T19:22:57.0000000,5555.06,5560.93,0,0
11/14/2018 19:22:57,5555.06,5560.93,0,0,7328656834,11/14/2018 19:22:57,buy,1.00000000,5555.06000000
11/14/2018 19:22:57,5555.06,5560.93,0,0,7328656836,11/14/2018 19:22:57,buy,0.01000000,5555.05000000
11/14/2018 19:22:57,5555.06,5560.93,0,0,7328656838,11/14/2018 19:22:57,buy,0.01000000,5555.03000000
11/14/2018 19:22:57,5555.06,5560.93,0,0,7328656840,11/14/2018 19:22:57,buy,0.20000000,5555.00000000
2018-11-14T19:22:57.0000000,5554.75,5560.95,0,0
2018-11-14T19:22:57.0000000,5554.75,5560.95,0.59487193,0
11/14/2018 19:22:57,5554.75,5560.95,0.59487193,0,7328656842,11/14/2018 19:22:57,buy,0.47842807,5554.75000000
2018-11-14T19:22:57.0000000,5554.75,5560.93,0.59487193,0
2018-11-14T19:22:57.0000000,5554.75,5560.93,0.59487193,0
2018-11-14T19:22:57.0000000,5554.75,5560.93,0.59487193,0.8
2018-11-14T19:22:57.0000000,5554.75,5560.93,0.59487193,0
2018-11-14T19:22:57.0000000,5554.75,5560.93,0.59487193,0.8
2018-11-14T19:22:57.0000000,5554.75,5560.93,0.59487193,0
2018-11-14T19:22:57.0000000,5554.75,5560.93,0.59487193,0.8
2018-11-14T19:22:57.0000000,5554.75,5560.93,0.59487193,0
2018-11-14T19:22:58.0000000,5554.75,5560.93,0.59487193,0.8
2018-11-14T19:22:58.0000000,5554.75,5560.93,0.59487193,0
2018-11-14T19:22:58.0000000,5554.75,5560.93,0.59487193,0.8
2018-11-14T19:22:58.0000000,5554.75,5560.93,0.59487193,0
2018-11-14T19:22:58.0000000,5554.75,5560.93,0.59487193,0.8
2018-11-14T19:22:58.0000000,5554.75,5560.93,0.59487193,0
2018-11-14T19:22:58.0000000,5554.75,5560.93,0.59487193,0.8
2018-11-14T19:22:58.0000000,5554.75,5560.93,0.59487193,0
2018-11-14T19:22:58.0000000,5554.75,5560.93,0.59487193,0.8
2018-11-14T19:22:58.0000000,5554.75,5560.93,0.59487193,0
2018-11-14T19:22:58.0000000,5554.75,5560.93,0.59487193,0.8
2018-11-14T19:22:58.0000000,5554.75,5560.93,0.59487193,0
2018-11-14T19:22:58.0000000,5554.75,5560.93,0.59487193,0.8
2018-11-14T19:22:58.0000000,5554.75,5560.93,0.59487193,0
2018-11-14T19:22:58.0000000,5554.75,5560.93,0.59487193,0.8
2018-11-14T19:22:58.0000000,5554.75,5560.93,0.59487193,0
2018-11-14T19:22:58.0000000,5554.75,5560.93,0.59487193,0.8
2018-11-14T19:22:58.0000000,5554.75,5560.93,0.59487193,0
11/14/2018 19:22:59,5554.75,5560.93,0.59487193,0,7328656987,11/14/2018 19:22:59,buy,0.18384721,5555.04000000
2018-11-14T19:22:59.0000000,5555.04,5557.93,0.59487193,0
2018-11-14T19:22:59.0000000,5555.04,5557.93,0.59487193,0.7782
11/14/2018 19:22:59,5555.04,5557.93,0.59487193,0.7782,7328656992,11/14/2018 19:22:59,sell,0.02180000,5557.93000000
2018-11-14T19:22:59.0000000,5555.04,5557.93,0.59487193,0.7782
2018-11-14T19:22:59.0000000,5555.04,5557.93,0.59487193,0
11/14/2018 19:22:59,5555.04,5557.93,0.59487193,0,7328656996,11/14/2018 19:22:59,sell,0.07630000,5557.94000000
2018-11-14T19:22:59.0000000,5555.04,5557.94,0.59487193,0
11/14/2018 19:23:00,5555.04,5557.94,0.59487193,0,7328657099,11/14/2018 19:23:00,sell,0.03190000,5557.93000000
2018-11-14T19:23:00.0000000,5555.04,5557.93,0.59487193,0
2018-11-14T19:23:00.0000000,5555.04,5557.93,0.59487193,2.3781
11/14/2018 19:23:00,5555.04,5557.93,0.59487193,2.3781,7328657107,11/14/2018 19:23:00,sell,0.09000000,5557.93000000
2018-11-14T19:23:00.0000000,5555.05,5557.93,0.59487193,2.3781
2018-11-14T19:23:00.0000000,5555.05,5557.93,0.59487193,2.3022
11/14/2018 19:23:00,5555.05,5557.93,0.59487193,2.3022,7328657132,11/14/2018 19:23:00,sell,0.07590000,5557.93000000
2018-11-14T19:23:00.0000000,5555.05,5557.93,0.59487193,2.3022
2018-11-14T19:23:01.0000000,5555.05,5557.93,0,2.3022
2018-11-14T19:23:01.0000000,5555.05,5557.93,0.031,2.3022
2018-11-14T19:23:01.0000000,5555.05,5557.93,0,2.3022
2018-11-14T19:23:01.0000000,5555.05,5557.93,0.013,2.3022
2018-11-14T19:23:01.0000000,5555.05,5557.93,0,2.3022
11/14/2018 19:23:01,5555.05,5557.93,0,2.3022,7328657246,11/14/2018 19:23:01,sell,0.12436500,5557.75000000
2018-11-14T19:23:01.0000000,5555.04,5557.75,0,2.3022
2018-11-14T19:23:01.0000000,5555.04,5557.75,0,2.359335
11/14/2018 19:23:01,5555.04,5557.75,0,2.359335,7328657250,11/14/2018 19:23:01,sell,0.01630000,5557.75000000
2018-11-14T19:23:01.0000000,5555.04,5557.75,0,2.359335
2018-11-14T19:23:01.0000000,5555.04,5557.75,0,9.859335
2018-11-14T19:23:02.0000000,5555.04,5557.75,0,2.359335
2018-11-14T19:23:02.0000000,5555.04,5557.75,0,0
2018-11-14T19:23:02.0000000,5555.04,5557.75,0,0.00878603
11/14/2018 19:23:02,5555.04,5557.75,0,0.00878603,7328657365,11/14/2018 19:23:02,sell,0.40080000,5557.64000000
2018-11-14T19:23:02.0000000,5555.05,5557.64,0,0.00878603
2018-11-14T19:23:02.0000000,5555.05,5557.64,0,9.5992
2018-11-14T19:23:02.0000000,5555.05,5557.64,0,2.0992
2018-11-14T19:23:02.0000000,5555.05,5557.64,0,0
11/14/2018 19:23:03,5555.05,5557.64,0,0,7328657489,11/14/2018 19:23:03,sell,0.18920000,5555.22000000
2018-11-14T19:23:03.0000000,5555.06,5555.22,0,0
2018-11-14T19:23:03.0000000,5555.06,5555.22,0,0.1234
11/14/2018 19:23:03,5555.06,5555.22,0,0.1234,7328657492,11/14/2018 19:23:03,sell,0.18740000,5555.22000000
2018-11-14T19:23:03.0000000,5555.06,5555.22,0,0.1234
2018-11-14T19:23:03.0000000,5555.06,5555.22,0,0
11/14/2018 19:23:03,5555.06,5555.22,0,0,7328657496,11/14/2018 19:23:03,sell,0.00161217,5557.39000000
2018-11-14T19:23:03.0000000,5555.06,5557.39,0,0
2018-11-14T19:23:03.0000000,5555.06,5557.39,0,0
2018-11-14T19:23:03.0000000,5555.06,5557.39,0,0
11/14/2018 19:23:03,5555.06,5557.39,0,0,7328657503,11/14/2018 19:23:03,buy,0.01300000,5555.06000000
2018-11-14T19:23:03.0000000,5555.05,5557.56,0,0
2018-11-14T19:23:03.0000000,5555.05,5557.56,0,0
11/14/2018 19:23:03,5555.05,5557.56,0,0,7328657505,11/14/2018 19:23:03,buy,0.04118469,5555.05000000
11/14/2018 19:23:03,5555.05,5557.56,0,0,7328657507,11/14/2018 19:23:03,buy,0.05513877,5555.04000000
2018-11-14T19:23:03.0000000,5555.04,5557.56,0,0
11/14/2018 19:23:04,5555.04,5557.56,0,0,7328657580,11/14/2018 19:23:04,sell,0.15197170,5555.23000000
2018-11-14T19:23:04.0000000,5555.04,5555.23,0,0
2018-11-14T19:23:04.0000000,5555.04,5555.23,0,0.33136021
11/14/2018 19:23:04,5555.04,5555.23,0,0.33136021,7328657583,11/14/2018 19:23:04,sell,0.01666809,5555.23000000
2018-11-14T19:23:04.0000000,5555.04,5555.23,0,0.33136021
2018-11-14T19:23:04.0000000,5555.04,5555.23,0,0
11/14/2018 19:23:04,5555.04,5555.23,0,0,7328657595,11/14/2018 19:23:04,sell,0.33136021,5555.23000000
2018-11-14T19:23:04.0000000,5555.04,5557.55,0,0
11/14/2018 19:23:05,5555.04,5557.55,0,0,7328657624,11/14/2018 19:23:05,sell,0.12535239,5555.23000000
2018-11-14T19:23:05.0000000,5555.05,5555.23,0,0
2018-11-14T19:23:05.0000000,5555.05,5555.23,0,0.36582467
11/14/2018 19:23:05,5555.05,5555.23,0,0.36582467,7328657633,11/14/2018 19:23:05,sell,0.00882294,5555.23000000
2018-11-14T19:23:05.0000000,5555.05,5555.23,0,0.36582467
2018-11-14T19:23:05.0000000,5555.05,5555.23,0,0.36582467
2018-11-14T19:23:05.0000000,5555.05,5555.23,0.013,0.36582467
2018-11-14T19:23:05.0000000,5555.05,5555.23,0,0.36582467
2018-11-14T19:23:05.0000000,5555.05,5555.23,0.013,0.36582467
2018-11-14T19:23:05.0000000,5555.05,5555.23,0.013,0.33492467
11/14/2018 19:23:05,5555.05,5555.23,0.013,0.33492467,7328657670,11/14/2018 19:23:05,sell,0.03090000,5555.23000000
2018-11-14T19:23:05.0000000,5555.05,5555.23,0.013,0.33492467
2018-11-14T19:23:05.0000000,5555.05,5555.23,0,0.33492467
2018-11-14T19:23:05.0000000,5555.05,5555.23,0.013,0.33492467
2018-11-14T19:23:05.0000000,5555.05,5555.23,0,0.33492467
2018-11-14T19:23:06.0000000,5555.05,5555.23,0,0
2018-11-14T19:23:06.0000000,5555.05,5555.23,0.013,0
2018-11-14T19:23:06.0000000,5555.05,5555.23,0,0
2018-11-14T19:23:06.0000000,5555.05,5555.23,0.013,0
2018-11-14T19:23:06.0000000,5555.05,5555.23,0,0
2018-11-14T19:23:06.0000000,5555.05,5555.23,0.013,0
2018-11-14T19:23:07.0000000,5555.05,5555.23,0,0
2018-11-14T19:23:07.0000000,5555.05,5555.23,0.013,0
2018-11-14T19:23:07.0000000,5555.05,5555.23,0,0
11/14/2018 19:23:07,5555.05,5555.23,0,0,7328657790,11/14/2018 19:23:07,sell,0.13355550,5556.33000000
2018-11-14T19:23:07.0000000,5554.75,5556.33,0,0
11/14/2018 19:23:08,5554.75,5556.33,0,0,7328657837,11/14/2018 19:23:08,sell,0.00180011,5555.23000000
2018-11-14T19:23:08.0000000,5554.75,5556.33,0,0
2018-11-14T19:23:08.0000000,5554.75,5556.33,0,0.8649308
11/14/2018 19:23:08,5554.75,5556.33,0,0.8649308,7328657839,11/14/2018 19:23:08,sell,0.00151370,5556.33000000
2018-11-14T19:23:08.0000000,5554.75,5556.33,0,0.8649308
2018-11-14T19:23:08.0000000,5554.75,5556.33,1.29113788,0.8649308
2018-11-14T19:23:08.0000000,5554.75,5556.33,0.59487193,0.8649308
11/14/2018 19:23:08,5554.75,5556.33,0.59487193,0.8649308,7328657888,11/14/2018 19:23:08,sell,0.05242256,5556.31000000
2018-11-14T19:23:08.0000000,5554.76,5556.31,0.59487193,0.8649308
2018-11-14T19:23:08.0000000,5554.76,5556.31,0.59487193,0
11/14/2018 19:23:08,5554.76,5556.31,0.59487193,0,7328657892,11/14/2018 19:23:08,sell,0.02503022,5556.33000000
2018-11-14T19:23:08.0000000,5554.76,5556.33,0.59487193,0
2018-11-14T19:23:08.0000000,5554.76,5556.33,0.59487193,0
11/14/2018 19:23:08,5554.76,5556.33,0.59487193,0,7328657905,11/14/2018 19:23:08,sell,0.00905347,5556.34000000
2018-11-14T19:23:08.0000000,5554.76,5556.34,0.59487193,0
2018-11-14T19:23:08.0000000,5554.76,5556.34,0.59487193,0
2018-11-14T19:23:09.0000000,5554.76,5556.34,0.59487193,0.71511179
2018-11-14T19:23:09.0000000,5554.76,5556.34,0.59487193,0
2018-11-14T19:23:09.0000000,5554.76,5556.34,0.59487193,0.71511179
2018-11-14T19:23:09.0000000,5554.76,5556.34,0.59487193,0
2018-11-14T19:23:09.0000000,5554.76,5556.34,0.59487193,0.71511179
2018-11-14T19:23:09.0000000,5554.76,5556.34,0.59487193,0
2018-11-14T19:23:09.0000000,5554.76,5556.34,0.59487193,0.71511179
2018-11-14T19:23:09.0000000,5554.76,5556.34,0.59487193,0
2018-11-14T19:23:09.0000000,5554.76,5556.34,0.59487193,0.71511179
2018-11-14T19:23:09.0000000,5554.76,5556.34,0.59487193,0
2018-11-14T19:23:09.0000000,5554.76,5556.34,0.59487193,0.71511179
2018-11-14T19:23:09.0000000,5554.76,5556.34,0.59487193,0
2018-11-14T19:23:09.0000000,5554.76,5556.34,0.59487193,0.71511179
2018-11-14T19:23:09.0000000,5554.76,5556.34,0.59487193,0
2018-11-14T19:23:09.0000000,5554.76,5556.34,0.59487193,0.71511179
2018-11-14T19:23:09.0000000,5554.76,5556.34,0.59487193,0
2018-11-14T19:23:09.0000000,5554.76,5556.34,0.59487193,0.71511179
2018-11-14T19:23:09.0000000,5554.76,5556.34,0.59487193,0
2018-11-14T19:23:09.0000000,5554.76,5556.34,0.59487193,0.71511179
2018-11-14T19:23:09.0000000,5554.76,5556.34,0.59487193,0
2018-11-14T19:23:09.0000000,5554.76,5556.34,0.59487193,0.71511179
2018-11-14T19:23:09.0000000,5554.76,5556.34,0.59487193,0
2018-11-14T19:23:09.0000000,5554.76,5556.34,0.59487193,0.71511179
2018-11-14T19:23:09.0000000,5554.76,5556.34,0.59487193,0
2018-11-14T19:23:09.0000000,5554.76,5556.34,0.59487193,0.71511179
2018-11-14T19:23:09.0000000,5554.76,5556.34,0.59487193,0
2018-11-14T19:23:10.0000000,5554.76,5556.34,0.59487193,0.71511179
2018-11-14T19:23:10.0000000,5554.76,5556.34,0.59487193,0
11/14/2018 19:23:10,5554.76,5556.34,0.59487193,0,7328657993,11/14/2018 19:23:10,sell,0.06940000,5556.35000000
2018-11-14T19:23:10.0000000,5554.76,5556.35,0.59487193,0
2018-11-14T19:23:10.0000000,5554.76,5556.35,0.59487193,1.88368125
11/14/2018 19:23:10,5554.76,5556.35,0.59487193,1.88368125,7328657996,11/14/2018 19:23:10,sell,0.10591875,5556.35000000
2018-11-14T19:23:10.0000000,5554.76,5556.35,0.59487193,1.88368125
2018-11-14T19:23:10.0000000,5554.76,5556.35,1.68220435,1.88368125
11/14/2018 19:23:10,5554.76,5556.35,1.68220435,1.88368125,7328658028,11/14/2018 19:23:10,sell,0.03495655,5554.77000000
2018-11-14T19:23:10.0000000,5554.76,5554.77,1.68220435,1.88368125
2018-11-14T19:23:11.0000000,5554.76,5554.77,1.68220435,1.46504345
2018-11-14T19:23:11.0000000,5554.76,5554.77,1.68220435,1.45674345
11/14/2018 19:23:11,5554.76,5554.77,1.68220435,1.45674345,7328658057,11/14/2018 19:23:11,sell,0.00830000,5554.77000000
2018-11-14T19:23:11.0000000,5554.76,5554.77,1.68220435,1.45674345
2018-11-14T19:23:12.0000000,5554.76,5554.77,1.68220435,1.43707955
11/14/2018 19:23:12,5554.76,5554.77,1.68220435,1.43707955,7328658060,11/14/2018 19:23:12,sell,0.01966390,5554.77000000
2018-11-14T19:23:12.0000000,5554.76,5554.77,1.68220435,1.43707955
2018-11-14T19:23:12.0000000,5554.76,5554.77,1.68220435,1.23707955
11/14/2018 19:23:12,5554.76,5554.77,1.68220435,1.23707955,7328658067,11/14/2018 19:23:12,sell,0.20000000,5554.77000000
2018-11-14T19:23:12.0000000,5554.76,5554.77,1.68220435,1.23707955
2018-11-14T19:23:12.0000000,5554.76,5554.77,1.68220435,1.23528927
11/14/2018 19:23:12,5554.76,5554.77,1.68220435,1.23528927,7328658081,11/14/2018 19:23:12,sell,0.00179028,5554.77000000
2018-11-14T19:23:12.0000000,5554.76,5554.77,1.68220435,1.23528927
2018-11-14T19:23:12.0000000,5554.76,5554.77,1.68220435,1.15901432
11/14/2018 19:23:12,5554.76,5554.77,1.68220435,1.15901432,7328658102,11/14/2018 19:23:12,sell,0.07627495,5554.77000000
2018-11-14T19:23:12.0000000,5554.76,5554.77,1.68220435,1.15901432
2018-11-14T19:23:12.0000000,5554.76,5554.77,1.68220435,1.42372505
2018-11-14T19:23:12.0000000,5554.76,5554.77,1.68220435,1.40972449
11/14/2018 19:23:12,5554.76,5554.77,1.68220435,1.40972449,7328658109,11/14/2018 19:23:12,sell,0.01400056,5554.77000000
2018-11-14T19:23:12.0000000,5554.76,5554.77,1.68220435,1.40972449
2018-11-14T19:23:13.0000000,5554.76,5554.77,1.68220435,1.05352449
11/14/2018 19:23:13,5554.76,5554.77,1.68220435,1.05352449,7328658117,11/14/2018 19:23:13,sell,0.35620000,5554.77000000
2018-11-14T19:23:13.0000000,5554.76,5554.77,1.68220435,1.05352449
2018-11-14T19:23:13.0000000,5554.76,5554.77,1.68220435,0.90073577
11/14/2018 19:23:13,5554.76,5554.77,1.68220435,0.90073577,7328658120,11/14/2018 19:23:13,sell,0.15278872,5554.77000000
2018-11-14T19:23:13.0000000,5554.76,5554.77,1.68220435,0.90073577
2018-11-14T19:23:13.0000000,5554.76,5554.77,1.68220435,1.34721128
2018-11-14T19:23:13.0000000,5554.76,5554.77,1.68220435,1.25901121
11/14/2018 19:23:13,5554.76,5554.77,1.68220435,1.25901121,7328658128,11/14/2018 19:23:13,sell,0.08820007,5554.77000000
2018-11-14T19:23:13.0000000,5554.76,5554.77,1.68220435,1.25901121
2018-11-14T19:23:13.0000000,5554.76,5554.77,1.68220435,1.41179993
2018-11-14T19:23:13.0000000,5554.76,5554.77,1.68220435,1.40320478
11/14/2018 19:23:13,5554.76,5554.77,1.68220435,1.40320478,7328658137,11/14/2018 19:23:13,sell,0.00859515,5554.77000000
2018-11-14T19:23:13.0000000,5554.76,5554.77,1.68220435,1.40320478
2018-11-14T19:23:14.0000000,5554.76,5554.77,1.68220435,1.36397496
11/14/2018 19:23:14,5554.76,5554.77,1.68220435,1.36397496,7328658158,11/14/2018 19:23:14,sell,0.03922982,5554.77000000
2018-11-14T19:23:14.0000000,5554.76,5554.77,1.68220435,1.36397496
2018-11-14T19:23:14.0000000,5554.76,5554.77,1.68220435,1.30360478
11/14/2018 19:23:14,5554.76,5554.77,1.68220435,1.30360478,7328658160,11/14/2018 19:23:14,sell,0.06037018,5554.77000000
2018-11-14T19:23:14.0000000,5554.76,5554.77,1.68220435,1.30360478
2018-11-14T19:23:14.0000000,5554.76,5554.77,1.68220435,1.29360478
11/14/2018 19:23:14,5554.76,5554.77,1.68220435,1.29360478,7328658177,11/14/2018 19:23:14,sell,0.01000000,5554.77000000
2018-11-14T19:23:14.0000000,5554.76,5554.77,1.68220435,1.29360478
2018-11-14T19:23:14.0000000,5554.76,5554.77,1.68220435,1.42962982
2018-11-14T19:23:15.0000000,5554.76,5554.77,1.68220435,1.27362982
11/14/2018 19:23:15,5554.76,5554.77,1.68220435,1.27362982,7328658193,11/14/2018 19:23:15,sell,0.15600000,5554.77000000
2018-11-14T19:23:15.0000000,5554.76,5554.77,1.68220435,1.27362982
2018-11-14T19:23:15.0000000,5554.76,5554.77,1.68220435,1
11/14/2018 19:23:15,5554.76,5554.77,1.68220435,1,7328658214,11/14/2018 19:23:15,sell,0.27362982,5554.77000000
2018-11-14T19:23:15.0000000,5554.76,5554.77,1.68220435,1
2018-11-14T19:23:15.0000000,5554.76,5554.77,1.68220435,0.73528927
11/14/2018 19:23:15,5554.76,5554.77,1.68220435,0.73528927,7328658216,11/14/2018 19:23:15,sell,0.26471073,5554.77000000
2018-11-14T19:23:15.0000000,5554.76,5554.77,1.68220435,0.28881376
11/14/2018 19:23:15,5554.76,5554.77,1.68220435,0.28881376,7328658218,11/14/2018 19:23:15,sell,0.44647551,5554.77000000
2018-11-14T19:23:15.0000000,5554.76,5554.77,1.68220435,0.27362982
11/14/2018 19:23:15,5554.76,5554.77,1.68220435,0.27362982,7328658220,11/14/2018 19:23:15,sell,0.01518394,5554.77000000
2018-11-14T19:23:15.0000000,5554.76,5554.77,1.68220435,0.27362982
2018-11-14T19:23:15.0000000,5554.76,5554.77,1.68220435,0.77362982
2018-11-14T19:23:16.0000000,5554.76,5554.77,1.68220435,0.76465548
11/14/2018 19:23:16,5554.76,5554.77,1.68220435,0.76465548,7328658254,11/14/2018 19:23:16,sell,0.00897434,5554.77000000
2018-11-14T19:23:16.0000000,5554.76,5554.77,1.68220435,0.76465548
2018-11-14T19:23:16.0000000,5554.76,5554.77,1.68220435,0.72159088
11/14/2018 19:23:16,5554.76,5554.77,1.68220435,0.72159088,7328658267,11/14/2018 19:23:16,sell,0.04306460,5554.77000000
2018-11-14T19:23:16.0000000,5554.76,5554.77,1.68220435,0.72159088
2018-11-14T19:23:16.0000000,5554.76,5554.77,1.68220435,1.4569354
2018-11-14T19:23:17.0000000,5554.76,5554.77,1.68220435,1.4008354
11/14/2018 19:23:17,5554.76,5554.77,1.68220435,1.4008354,7328658279,11/14/2018 19:23:17,sell,0.05610000,5554.77000000
2018-11-14T19:23:17.0000000,5554.76,5554.77,1.68220435,1.4008354
2018-11-14T19:23:17.0000000,5554.76,5554.77,1.68220435,1.37136956
11/14/2018 19:23:17,5554.76,5554.77,1.68220435,1.37136956,7328658292,11/14/2018 19:23:17,sell,0.02946584,5554.77000000
2018-11-14T19:23:17.0000000,5554.76,5554.77,1.68220435,1.37136956
2018-11-14T19:23:17.0000000,5554.76,5554.77,1.68220435,1.23534452
11/14/2018 19:23:17,5554.76,5554.77,1.68220435,1.23534452,7328658294,11/14/2018 19:23:17,sell,0.13602504,5554.77000000
2018-11-14T19:23:17.0000000,5554.76,5554.77,1.68220435,1.0891354
11/14/2018 19:23:17,5554.76,5554.77,1.68220435,1.0891354,7328658296,11/14/2018 19:23:17,sell,0.14620912,5554.77000000
2018-11-14T19:23:17.0000000,5554.76,5554.77,1.68220435,1.0891354
2018-11-14T19:23:17.0000000,5554.76,5554.77,1.68220435,1.0793185
11/14/2018 19:23:17,5554.76,5554.77,1.68220435,1.0793185,7328658303,11/14/2018 19:23:17,sell,0.00981690,5554.77000000
2018-11-14T19:23:17.0000000,5554.76,5554.77,1.68220435,1.0793185
2018-11-14T19:23:17.0000000,5554.76,5554.77,1.68220435,0.84518957
11/14/2018 19:23:17,5554.76,5554.77,1.68220435,0.84518957,7328658306,11/14/2018 19:23:17,sell,0.23412893,5554.77000000
2018-11-14T19:23:17.0000000,5554.76,5554.77,1.68220435,0.84518957
2018-11-14T19:23:17.0000000,5554.76,5554.77,1.68220435,1.10984505
2018-11-14T19:23:17.0000000,5554.76,5554.77,1.68220435,1.10421365
11/14/2018 19:23:17,5554.76,5554.77,1.68220435,1.10421365,7328658328,11/14/2018 19:23:17,sell,0.00563140,5554.77000000
2018-11-14T19:23:17.0000000,5554.76,5554.77,1.68220435,1.10421365
2018-11-14T19:23:17.0000000,5554.76,5554.77,1.68220435,1
11/14/2018 19:23:17,5554.76,5554.77,1.68220435,1,7328658331,11/14/2018 19:23:17,sell,0.10421365,5554.77000000
2018-11-14T19:23:17.0000000,5554.76,5554.77,1.68220435,1
2018-11-14T19:23:17.0000000,5554.76,5554.77,1.68220435,0.99981365
11/14/2018 19:23:17,5554.76,5554.77,1.68220435,0.99981365,7328658333,11/14/2018 19:23:17,sell,0.00018635,5554.77000000
2018-11-14T19:23:17.0000000,5554.76,5554.77,1.68220435,0.99981365
2018-11-14T19:23:18.0000000,5554.76,5554.77,1.68220435,1.49981365
2018-11-14T19:23:18.0000000,5554.76,5554.77,1.68220435,1.29827386
11/14/2018 19:23:18,5554.76,5554.77,1.68220435,1.29827386,7328658366,11/14/2018 19:23:18,sell,0.20153979,5554.77000000
2018-11-14T19:23:18.0000000,5554.76,5554.77,1.68220435,1.29827386
2018-11-14T19:23:19.0000000,5554.76,5554.77,1.68220435,1.28104874
11/14/2018 19:23:19,5554.76,5554.77,1.68220435,1.28104874,7328658412,11/14/2018 19:23:19,sell,0.01722512,5554.77000000
2018-11-14T19:23:19.0000000,5554.76,5554.77,1.68220435,1.28104874
2018-11-14T19:23:19.0000000,5554.76,5554.77,1.68220435,1.48277488
2018-11-14T19:23:20.0000000,5554.76,5554.77,1.68220435,2.19788667
2018-11-14T19:23:20.0000000,5554.76,5554.77,1.68220435,2.07158667
11/14/2018 19:23:20,5554.76,5554.77,1.68220435,2.07158667,7328658438,11/14/2018 19:23:20,sell,0.12630000,5554.77000000
2018-11-14T19:23:20.0000000,5554.76,5554.77,1.68220435,2.07158667
2018-11-14T19:23:21.0000000,5554.76,5554.77,1.68220435,1.97198667
11/14/2018 19:23:21,5554.76,5554.77,1.68220435,1.97198667,7328658479,11/14/2018 19:23:21,sell,0.09960000,5554.77000000
2018-11-14T19:23:21.0000000,5554.76,5554.77,1.68220435,1.97198667
2018-11-14T19:23:21.0000000,5554.76,5554.77,1.68220435,2.11551179
2018-11-14T19:23:21.0000000,5554.76,5554.77,1.68220435,1.82501853
11/14/2018 19:23:21,5554.76,5554.77,1.68220435,1.82501853,7328658494,11/14/2018 19:23:21,sell,0.29049326,5554.77000000
2018-11-14T19:23:21.0000000,5554.76,5554.77,1.68220435,1.82501853
2018-11-14T19:23:21.0000000,5554.76,5554.77,1.68220435,1.56036305
11/14/2018 19:23:21,5554.76,5554.77,1.68220435,1.56036305,7328658496,11/14/2018 19:23:21,sell,0.26465548,5554.77000000
2018-11-14T19:23:21.0000000,5554.76,5554.77,1.68220435,1.56036305
2018-11-14T19:23:21.0000000,5554.76,5554.77,1.68220435,1.45532273
11/14/2018 19:23:21,5554.76,5554.77,1.68220435,1.45532273,7328658498,11/14/2018 19:23:21,sell,0.10504032,5554.77000000
2018-11-14T19:23:21.0000000,5554.76,5554.77,1.68220435,1.45532273
2018-11-14T19:23:21.0000000,5554.76,5554.77,1.68220435,1.06036305
2018-11-14T19:23:21.0000000,5554.76,5554.77,1.68220435,1.56036305
2018-11-14T19:23:21.0000000,5554.76,5554.77,0.68220435,1.56036305
2018-11-14T19:23:21.0000000,5554.76,5554.77,0.68220435,1.43959236
11/14/2018 19:23:21,5554.76,5554.77,0.68220435,1.43959236,7328658528,11/14/2018 19:23:21,sell,0.12077069,5554.77000000
2018-11-14T19:23:21.0000000,5554.76,5554.77,0.68220435,1.43959236
2018-11-14T19:23:21.0000000,5554.76,5554.77,0.68220435,2.0943411
2018-11-14T19:23:22.0000000,5554.76,5554.77,1.68220435,2.0943411
2018-11-14T19:23:22.0000000,5554.76,5554.77,0.68220435,2.0943411
2018-11-14T19:23:22.0000000,5554.76,5554.77,0.62567973,2.0943411
11/14/2018 19:23:22,5554.76,5554.77,0.62567973,2.0943411,7328658568,11/14/2018 19:23:22,buy,0.05652462,5554.76000000
2018-11-14T19:23:22.0000000,5554.76,5554.77,0.62567973,2.0943411
2018-11-14T19:23:22.0000000,5554.76,5554.77,0.62567973,2.21511179
2018-11-14T19:23:22.0000000,5554.76,5554.77,1.62567973,2.21511179
2018-11-14T19:23:22.0000000,5554.76,5554.77,0.62567973,2.21511179
2018-11-14T19:23:22.0000000,5554.76,5554.77,1.62567973,2.21511179
2018-11-14T19:23:23.0000000,5554.76,5554.77,0.62567973,2.21511179
2018-11-14T19:23:23.0000000,5554.76,5554.77,1.62567973,2.21511179
2018-11-14T19:23:23.0000000,5554.76,5554.77,0.62567973,2.21511179
2018-11-14T19:23:23.0000000,5554.76,5554.77,1.62567973,2.21511179
2018-11-14T19:23:23.0000000,5554.76,5554.77,1.62567973,2.17122141
11/14/2018 19:23:23,5554.76,5554.77,1.62567973,2.17122141,7328658637,11/14/2018 19:23:23,sell,0.04389038,5554.77000000
2018-11-14T19:23:23.0000000,5554.76,5554.77,1.62567973,2.17122141
2018-11-14T19:23:23.0000000,5554.76,5554.77,0.62567973,2.17122141
2018-11-14T19:23:23.0000000,5554.76,5554.77,1.62567973,2.17122141
2018-11-14T19:23:23.0000000,5554.76,5554.77,1.62567973,4.67122141
2018-11-14T19:23:23.0000000,5554.76,5554.77,0.62567973,4.67122141
2018-11-14T19:23:23.0000000,5554.76,5554.77,0.62567973,4.63415634
11/14/2018 19:23:23,5554.76,5554.77,0.62567973,4.63415634,7328658663,11/14/2018 19:23:23,sell,0.03706507,5554.77000000
2018-11-14T19:23:23.0000000,5554.76,5554.77,0.62567973,4.25644634
11/14/2018 19:23:23,5554.76,5554.77,0.62567973,4.25644634,7328658665,11/14/2018 19:23:23,sell,0.37771000,5554.77000000
2018-11-14T19:23:23.0000000,5554.76,5554.77,0.62567973,4.25644634
2018-11-14T19:23:23.0000000,5554.76,5554.77,0.62567973,5.25644634
2018-11-14T19:23:23.0000000,5554.76,5554.77,0.62567973,4.25644634
2018-11-14T19:23:24.0000000,5554.76,5554.77,1.62567973,4.25644634
2018-11-14T19:23:24.0000000,5554.76,5554.77,1.62567973,3.91904455
11/14/2018 19:23:24,5554.76,5554.77,1.62567973,3.91904455,7328658687,11/14/2018 19:23:24,sell,0.33740179,5554.77000000
2018-11-14T19:23:24.0000000,5554.76,5554.77,1.62567973,3.91904455
2018-11-14T19:23:24.0000000,5554.76,5554.77,1.62567973,3.77551943
11/14/2018 19:23:24,5554.76,5554.77,1.62567973,3.77551943,7328658689,11/14/2018 19:23:24,sell,0.14352512,5554.77000000
2018-11-14T19:23:24.0000000,5554.76,5554.77,1.62567973,3.66854634
11/14/2018 19:23:24,5554.76,5554.77,1.62567973,3.66854634,7328658691,11/14/2018 19:23:24,sell,0.10697309,5554.77000000
2018-11-14T19:23:24.0000000,5554.76,5554.77,1.62567973,3.66854634
2018-11-14T19:23:24.0000000,5554.76,5554.77,0.62567973,3.66854634
2018-11-14T19:23:24.0000000,5554.76,5554.77,0.62567973,4.66854634
2018-11-14T19:23:24.0000000,5554.76,5554.77,0.62567973,7.66854634
2018-11-14T19:23:24.0000000,5554.76,5554.77,0.62567973,7.27551943
2018-11-14T19:23:24.0000000,5554.76,5554.77,0.62567973,7.77551943
2018-11-14T19:23:25.0000000,5554.76,5554.77,0.62567973,15.27551943
2018-11-14T19:23:25.0000000,5554.76,5554.77,0.62567973,15.27131048
11/14/2018 19:23:25,5554.76,5554.77,0.62567973,15.27131048,7328658773,11/14/2018 19:23:25,sell,0.00420895,5554.77000000
2018-11-14T19:23:25.0000000,5554.76,5554.77,0.62567973,15.27131048
2018-11-14T19:23:25.0000000,5554.76,5554.77,0.62567973,15.91131048
2018-11-14T19:23:26.0000000,5554.76,5554.77,0.62567973,14.91131048
2018-11-14T19:23:26.0000000,5554.76,5554.77,0.62567973,15.91131048
2018-11-14T19:23:27.0000000,5554.76,5554.77,0.62567973,15.89751569
11/14/2018 19:23:27,5554.76,5554.77,0.62567973,15.89751569,7328658891,11/14/2018 19:23:27,sell,0.01379479,5554.77000000
2018-11-14T19:23:27.0000000,5554.76,5554.77,0.62567973,15.89751569
2018-11-14T19:23:27.0000000,5554.76,5554.77,0.62567973,16.12425785
2018-11-14T19:23:27.0000000,5554.76,5554.77,0.62567973,16.07166176
11/14/2018 19:23:27,5554.76,5554.77,0.62567973,16.07166176,7328658903,11/14/2018 19:23:27,sell,0.05259609,5554.77000000
2018-11-14T19:23:27.0000000,5554.76,5554.77,0.62567973,16.07166176
2018-11-14T19:23:28.0000000,5554.76,5554.77,0.62567973,15.07166176
2018-11-14T19:23:29.0000000,5554.76,5554.77,0.62567973,16.07166176
2018-11-14T19:23:29.0000000,5554.76,5554.77,0.62567973,15.57166176
2018-11-14T19:23:29.0000000,5554.76,5554.77,0.62567973,14.57166176
2018-11-14T19:23:29.0000000,5554.76,5554.77,0.12567973,14.57166176
11/14/2018 19:23:29,5554.76,5554.77,0.12567973,14.57166176,7328659024,11/14/2018 19:23:29,buy,0.50000000,5554.76000000
2018-11-14T19:23:29.0000000,5554.76,5554.77,0.12567973,14.57166176
2018-11-14T19:23:29.0000000,5554.76,5554.77,0.12567973,15.57166176
2018-11-14T19:23:29.0000000,5554.76,5554.77,0.12567973,14.57166176
2018-11-14T19:23:29.0000000,5554.76,5554.77,0,14.57166176
11/14/2018 19:23:29,5554.76,5554.77,0,14.57166176,7328659040,11/14/2018 19:23:29,buy,0.12567973,5554.76000000
2018-11-14T19:23:29.0000000,5552.67,5554.77,0,14.57166176
2018-11-14T19:23:29.0000000,5552.67,5554.77,0,14.57166176
11/14/2018 19:23:29,5552.67,5554.77,0,14.57166176,7328659042,11/14/2018 19:23:29,buy,0.01000000,5552.67000000
11/14/2018 19:23:29,5552.67,5554.77,0,14.57166176,7328659044,11/14/2018 19:23:29,buy,0.10806157,5552.39000000
2018-11-14T19:23:29.0000000,5551.01,5551.34,0,14.57166176
2018-11-14T19:23:29.0000000,5551.01,5551.34,0,14.57166176
2018-11-14T19:23:29.0000000,5551.01,5551.34,0,0
2018-11-14T19:23:29.0000000,5551.01,5551.34,0.93166176,0
2018-11-14T19:23:29.0000000,5551.01,5551.34,0.93166176,7.5
2018-11-14T19:23:29.0000000,5551.01,5551.34,0,7.5
2018-11-14T19:23:29.0000000,5551.01,5551.34,1,7.5
2018-11-14T19:23:29.0000000,5551.01,5551.34,0,7.5
2018-11-14T19:23:29.0000000,5551.01,5551.34,0,7.23524973
11/14/2018 19:23:29,5551.01,5551.34,0,7.23524973,7328659122,11/14/2018 19:23:29,sell,0.26475027,5551.34000000
2018-11-14T19:23:29.0000000,5551.33,5551.34,0,7.23524973
2018-11-14T19:23:29.0000000,5551.33,5551.34,2,7.23524973
2018-11-14T19:23:29.0000000,5551.33,5551.34,2,7.23086175
11/14/2018 19:23:29,5551.33,5551.34,2,7.23086175,7328659156,11/14/2018 19:23:29,sell,0.00438798,5551.34000000
2018-11-14T19:23:29.0000000,5551.33,5551.34,2,7.23086175
2018-11-14T19:23:30.0000000,5551.33,5551.34,2,7.14261166
11/14/2018 19:23:30,5551.33,5551.34,2,7.14261166,7328659220,11/14/2018 19:23:30,sell,0.08825009,5551.34000000
2018-11-14T19:23:30.0000000,5551.33,5551.34,2,7.14261166
2018-11-14T19:23:31.0000000,5551.33,5551.34,2,6.78261046
11/14/2018 19:23:31,5551.33,5551.34,2,6.78261046,7328659306,11/14/2018 19:23:31,sell,0.36000120,5551.34000000
2018-11-14T19:23:31.0000000,5551.33,5551.34,2,6.78261046
2018-11-14T19:23:31.0000000,5551.33,5551.34,2,9.28261046
2018-11-14T19:23:32.0000000,5551.33,5551.34,2,9.14242063
11/14/2018 19:23:32,5551.33,5551.34,2,9.14242063,7328659345,11/14/2018 19:23:32,sell,0.14018983,5551.34000000
2018-11-14T19:23:32.0000000,5551.33,5551.34,2,9.14242063
2018-11-14T19:23:32.0000000,5551.33,5551.34,2,9.12939425
11/14/2018 19:23:32,5551.33,5551.34,2,9.12939425,7328659352,11/14/2018 19:23:32,sell,0.01302638,5551.34000000
2018-11-14T19:23:32.0000000,5551.33,5551.34,2,9.12939425
2018-11-14T19:23:32.0000000,5551.33,5551.34,2,9.76939425
2018-11-14T19:23:33.0000000,5551.33,5551.34,2,9.12939425
2018-11-14T19:23:33.0000000,5551.33,5551.34,2,6.62939425
2018-11-14T19:23:33.0000000,5551.33,5551.34,2,7.26939425
2018-11-14T19:23:33.0000000,5551.33,5551.34,2,6.62939425
2018-11-14T19:23:34.0000000,5551.33,5551.34,1.50009026,6.62939425
11/14/2018 19:23:34,5551.33,5551.34,1.50009026,6.62939425,7328659500,11/14/2018 19:23:34,buy,0.49990974,5551.33000000
2018-11-14T19:23:34.0000000,5551.33,5551.34,1.50009026,6.62939425
2018-11-14T19:23:34.0000000,5551.33,5551.34,1.50009026,7.12939425
2018-11-14T19:23:35.0000000,5551.33,5551.34,1.50009026,6.62939425
2018-11-14T19:23:36.0000000,5551.33,5551.34,1.50009026,6.60872267
11/14/2018 19:23:36,5551.33,5551.34,1.50009026,6.60872267,7328659675,11/14/2018 19:23:36,sell,0.02067158,5551.34000000
2018-11-14T19:23:36.0000000,5551.33,5551.34,1.50009026,6.60872267
2018-11-14T19:23:36.0000000,5551.33,5551.34,2,6.60872267
2018-11-14T19:23:37.0000000,5551.33,5551.34,2,6.60011733
11/14/2018 19:23:37,5551.33,5551.34,2,6.60011733,7328659717,11/14/2018 19:23:37,sell,0.00860534,5551.34000000
2018-11-14T19:23:37.0000000,5551.33,5551.34,2,6.60011733
2018-11-14T19:23:37.0000000,5551.33,5551.34,2,7.10011733
2018-11-14T19:23:38.0000000,5551.33,5551.34,2,7.74011733
2018-11-14T19:23:38.0000000,5551.33,5551.34,2,7.10011733
2018-11-14T19:23:38.0000000,5551.33,5551.34,1,7.10011733
2018-11-14T19:23:38.0000000,5551.33,5551.34,2,7.10011733
2018-11-14T19:23:38.0000000,5551.33,5551.34,1,7.10011733
2018-11-14T19:23:38.0000000,5551.33,5551.34,1,7.74011733
2018-11-14T19:23:38.0000000,5551.33,5551.34,1,7.10011733
2018-11-14T19:23:38.0000000,5551.33,5551.34,1,7.74011733
2018-11-14T19:23:38.0000000,5551.33,5551.34,2,7.74011733
2018-11-14T19:23:38.0000000,5551.33,5551.34,2,7.10011733
2018-11-14T19:23:38.0000000,5551.33,5551.34,1,7.10011733
2018-11-14T19:23:38.0000000,5551.33,5551.34,1,7.74011733
2018-11-14T19:23:38.0000000,5551.33,5551.34,2,7.74011733
2018-11-14T19:23:38.0000000,5551.33,5551.34,1,7.74011733
2018-11-14T19:23:38.0000000,5551.33,5551.34,1,7.10011733
2018-11-14T19:23:39.0000000,5551.33,5551.34,1,7.74011733
2018-11-14T19:23:39.0000000,5551.33,5551.34,1,8.74011733
2018-11-14T19:23:39.0000000,5551.33,5551.34,1,8.10011733
2018-11-14T19:23:39.0000000,5551.33,5551.34,1,7.10011733
2018-11-14T19:23:39.0000000,5551.33,5551.34,2,7.10011733
2018-11-14T19:23:39.0000000,5551.33,5551.34,1,7.10011733
2018-11-14T19:23:40.0000000,5551.33,5551.34,1,8.10011733
2018-11-14T19:23:42.0000000,5551.33,5551.34,1,10.60011733
2018-11-14T19:23:42.0000000,5551.33,5551.34,0.49990974,10.60011733
11/14/2018 19:23:42,5551.33,5551.34,0.49990974,10.60011733,7328660011,11/14/2018 19:23:42,buy,0.50009026,5551.33000000
2018-11-14T19:23:42.0000000,5551.33,5551.34,0.0001,10.60011733
11/14/2018 19:23:42,5551.33,5551.34,0.0001,10.60011733,7328660013,11/14/2018 19:23:42,buy,0.49980974,5551.33000000
2018-11-14T19:23:42.0000000,5551.33,5551.34,0.0001,10.60011733
2018-11-14T19:23:42.0000000,5551.33,5551.34,0,10.60011733
11/14/2018 19:23:42,5551.33,5551.34,0,10.60011733,7328660027,11/14/2018 19:23:42,buy,0.80000000,5551.00000000
2018-11-14T19:23:42.0000000,5550.59,5551.34,0,10.60011733
2018-11-14T19:23:42.0000000,5550.59,5551.34,0,11.60011733
2018-11-14T19:23:42.0000000,5550.59,5551.34,0.00002026,11.60011733
11/14/2018 19:23:42,5550.59,5551.34,0.00002026,11.60011733,7328660041,11/14/2018 19:23:42,buy,0.00430000,5550.59000000
2018-11-14T19:23:42.0000000,5550.59,5551.34,0.00002026,11.60011733
2018-11-14T19:23:42.0000000,5550.59,5551.34,0.00002026,10.60011733
2018-11-14T19:23:42.0000000,5550.59,5551.34,0.00002026,4
2018-11-14T19:23:42.0000000,5550.59,5551.34,0,4
11/14/2018 19:23:42,5550.59,5551.34,0,4,7328660116,11/14/2018 19:23:42,buy,0.00002026,5550.59000000
2018-11-14T19:23:42.0000000,5550.01,5550.6,0,4
2018-11-14T19:23:42.0000000,5550.01,5550.6,0.00002026,4
11/14/2018 19:23:42,5550.01,5550.6,0.00002026,4,7328660118,11/14/2018 19:23:42,buy,0.11097974,5550.01000000
2018-11-14T19:23:42.0000000,5550.01,5550.6,0.00002026,4
2018-11-14T19:23:42.0000000,5550.01,5550.6,0.00002026,12.76228681
2018-11-14T19:23:42.0000000,5550.01,5550.6,0.00002026,11.64
2018-11-14T19:23:42.0000000,5550.01,5550.6,0.00002026,11
2018-11-14T19:23:42.0000000,5550.01,5550.6,0.00002026,3.5
11/14/2018 19:23:42,5550.01,5550.6,0.00002026,3.5,7328660145,11/14/2018 19:23:42,sell,0.01756736,5550.02000000
2018-11-14T19:23:42.0000000,5550.01,5550.02,0.00002026,3.5
2018-11-14T19:23:43.0000000,5550.01,5550.02,0,3.5
11/14/2018 19:23:43,5550.01,5550.02,0,3.5,7328660153,11/14/2018 19:23:43,buy,0.00002026,5550.01000000
11/14/2018 19:23:43,5550.01,5550.02,0,3.5,7328660155,11/14/2018 19:23:43,buy,4.88897974,5550.00000000
2018-11-14T19:23:43.0000000,5550.01,5550.02,0,12.1222868
2018-11-14T19:23:43.0000000,5550,5550.02,0,12.1222868
2018-11-14T19:23:43.0000000,5550,5550.02,0,11
2018-11-14T19:23:43.0000000,5550,5550.02,0,3.5
2018-11-14T19:23:43.0000000,5550,5550.02,0.05,3.5
11/14/2018 19:23:43,5550,5550.02,0.05,3.5,7328660163,11/14/2018 19:23:43,buy,1.14573870,5550.00000000
2018-11-14T19:23:43.0000000,5550,5550.02,0.0000087,3.5
11/14/2018 19:23:43,5550,5550.02,0.0000087,3.5,7328660165,11/14/2018 19:23:43,buy,0.04999130,5550.00000000
2018-11-14T19:23:43.0000000,5550,5550.02,0,3.5
11/14/2018 19:23:43,5550,5550.02,0,3.5,7328660174,11/14/2018 19:23:43,buy,0.00000870,5550.00000000
11/14/2018 19:23:43,5550,5550.02,0,3.5,7328660176,11/14/2018 19:23:43,buy,0.00099130,5549.89000000
2018-11-14T19:23:43.0000000,5550,5550.02,1,3.5
2018-11-14T19:23:43.0000000,5550,5550.02,3.5,3.5
2018-11-14T19:23:43.0000000,5550,5550.02,11,3.5
2018-11-14T19:23:43.0000000,5550,5550.02,3.5,3.5
2018-11-14T19:23:43.0000000,5549.89,5549.9,3.5,3.5
2018-11-14T19:23:43.0000000,5549.89,5549.9,0,3.5
11/14/2018 19:23:43,5549.89,5549.9,0,3.5,7328660218,11/14/2018 19:23:43,buy,0.00000870,5549.89000000
11/14/2018 19:23:43,5549.89,5549.9,0,3.5,7328660220,11/14/2018 19:23:43,buy,0.00099130,5549.06000000
2018-11-14T19:23:43.0000000,5549.89,5549.9,0,9.62228679
2018-11-14T19:23:43.0000000,5549.89,5549.9,0,8.62228679
2018-11-14T19:23:43.0000000,5549.89,5549.9,0,7.5
2018-11-14T19:23:43.0000000,5549.89,5549.9,0,0
11/14/2018 19:23:43,5549.89,5549.9,0,0,7328660241,11/14/2018 19:23:43,buy,0.00000870,5549.06000000
11/14/2018 19:23:43,5549.89,5549.9,0,0,7328660243,11/14/2018 19:23:43,buy,0.01500000,5547.79000000
11/14/2018 19:23:43,5549.89,5549.9,0,0,7328660245,11/14/2018 19:23:43,buy,0.01000000,5546.90000000
11/14/2018 19:23:43,5549.89,5549.9,0,0,7328660247,11/14/2018 19:23:43,buy,0.79999999,5545.49000000
11/14/2018 19:23:43,5549.89,5549.9,0,0,7328660249,11/14/2018 19:23:43,buy,0.00900000,5545.48000000
11/14/2018 19:23:43,5549.89,5549.9,0,0,7328660251,11/14/2018 19:23:43,buy,0.05000000,5545.37000000
11/14/2018 19:23:43,5549.89,5549.9,0,0,7328660253,11/14/2018 19:23:43,buy,0.00428692,5545.36000000
11/14/2018 19:23:43,5549.89,5549.9,0,0,7328660255,11/14/2018 19:23:43,buy,0.00180011,5544.75000000
11/14/2018 19:23:43,5549.89,5549.9,0,0,7328660257,11/14/2018 19:23:43,buy,0.60990428,5544.68000000
11/14/2018 19:23:43,5549.89,5549.9,0,0,7328660260,11/14/2018 19:23:43,buy,0.10638119,5544.68000000
11/14/2018 19:23:43,5549.89,5549.9,0,0,7328660265,11/14/2018 19:23:43,buy,0.28371453,5544.68000000
11/14/2018 19:23:43,5549.89,5549.9,0,0,7328660267,11/14/2018 19:23:43,buy,0.71628547,5544.68000000
2018-11-14T19:23:43.0000000,5549.89,5549.9,2.5,0
2018-11-14T19:23:43.0000000,5549.89,5549.9,3.5,0
11/14/2018 19:23:43,5549.89,5549.9,3.5,0,7328660276,11/14/2018 19:23:43,buy,0.00500000,5543.92000000
11/14/2018 19:23:43,5549.89,5549.9,3.5,0,7328660278,11/14/2018 19:23:43,buy,0.01500000,5542.79000000
11/14/2018 19:23:43,5549.89,5549.9,3.5,0,7328660280,11/14/2018 19:23:43,buy,0.01000000,5542.00000000
11/14/2018 19:23:43,5549.89,5549.9,3.5,0,7328660282,11/14/2018 19:23:43,buy,0.20000000,5541.10000000
11/14/2018 19:23:43,5549.89,5549.9,3.5,0,7328660284,11/14/2018 19:23:43,buy,0.00900000,5540.48000000
11/14/2018 19:23:43,5549.89,5549.9,3.5,0,7328660286,11/14/2018 19:23:43,buy,0.00100000,5540.00000000
11/14/2018 19:23:43,5549.89,5549.9,3.5,0,7328660288,11/14/2018 19:23:43,buy,0.20000000,5540.00000000
11/14/2018 19:23:43,5549.89,5549.9,3.5,0,7328660290,11/14/2018 19:23:43,buy,0.03238726,5539.44000000
11/14/2018 19:23:43,5549.89,5549.9,3.5,0,7328660292,11/14/2018 19:23:43,buy,0.02761274,5539.44000000
11/14/2018 19:23:43,5549.89,5549.9,3.5,0,7328660305,11/14/2018 19:23:43,buy,1.50000000,5540.49000000
11/14/2018 19:23:43,5549.89,5549.9,3.5,0,7328660308,11/14/2018 19:23:43,buy,1.00000000,5540.49000000
11/14/2018 19:23:43,5549.89,5549.9,3.5,0,7328660316,11/14/2018 19:23:43,buy,0.01110959,5539.44000000
11/14/2018 19:23:43,5549.89,5549.9,3.5,0,7328660318,11/14/2018 19:23:43,buy,0.02251893,5539.13000000
11/14/2018 19:23:43,5549.89,5549.9,3.5,0,7328660320,11/14/2018 19:23:43,buy,0.00429186,5538.43000000
11/14/2018 19:23:43,5549.89,5549.9,3.5,0,7328660322,11/14/2018 19:23:43,buy,0.08138118,5538.43000000
11/14/2018 19:23:43,5549.89,5549.9,3.5,0,7328660324,11/14/2018 19:23:43,buy,0.38069844,5538.33000000
2018-11-14T19:23:43.0000000,5538.33,5549.07,3.5,0
2018-11-14T19:23:43.0000000,5538.33,5549.07,3.5,7.5
11/14/2018 19:23:43,5538.33,5549.07,3.5,7.5,7328660359,11/14/2018 19:23:43,buy,0.01800000,5540.04000000
11/14/2018 19:23:43,5538.33,5549.07,3.5,7.5,7328660361,11/14/2018 19:23:43,buy,0.04500000,5538.34000000
2018-11-14T19:23:43.0000000,5538.33,5549.07,3.68530156,7.5
11/14/2018 19:23:43,5538.33,5549.07,3.68530156,7.5,7328660363,11/14/2018 19:23:43,buy,0.43700000,5538.33000000
2018-11-14T19:23:43.0000000,5538.33,5549.07,2.68530156,7.5
11/14/2018 19:23:43,5538.33,5549.07,2.68530156,7.5,7328660380,11/14/2018 19:23:43,buy,1.00000000,5538.33000000
2018-11-14T19:23:43.0000000,5538.33,5549.07,2.18530156,7.5
11/14/2018 19:23:43,5538.33,5549.07,2.18530156,7.5,7328660391,11/14/2018 19:23:43,buy,0.50000000,5538.33000000
11/14/2018 19:23:43,5538.33,5549.07,2.18530156,7.5,7328660438,11/14/2018 19:23:43,buy,0.01000000,5538.35000000
11/14/2018 19:23:43,5538.33,5549.07,2.18530156,7.5,7328660440,11/14/2018 19:23:43,buy,0.01000000,5538.35000000
11/14/2018 19:23:43,5538.33,5549.07,2.18530156,7.5,7328660442,11/14/2018 19:23:43,buy,0.01800000,5538.34000000
2018-11-14T19:23:43.0000000,5538.33,5549.07,3.18530156,7.5
2018-11-14T19:23:43.0000000,5538.33,5549.07,2.18530156,7.5
2018-11-14T19:23:43.0000000,5538.33,5549.07,2.18530156,0
2018-11-14T19:23:43.0000000,5538.33,5538.38,2.18530156,0
2018-11-14T19:23:43.0000000,5538.33,5538.38,0,0
2018-11-14T19:23:43.0000000,5538.33,5538.38,0,0
2018-11-14T19:23:43.0000000,5538.33,5538.38,0,7.5
2018-11-14T19:23:44.0000000,5538.33,5538.38,0,0
11/14/2018 19:23:44,5538.33,5538.38,0,0,7328660594,11/14/2018 19:23:44,buy,0.01500000,5537.79000000
2018-11-14T19:23:44.0000000,5537.79,5537.8,0,0
2018-11-14T19:23:44.0000000,5537.79,5537.8,0,0
11/14/2018 19:23:44,5537.79,5537.8,0,0,7328660596,11/14/2018 19:23:44,buy,1.00000000,5537.79000000
2018-11-14T19:23:44.0000000,5536,5537.8,0,0
2018-11-14T19:23:44.0000000,5536,5537.8,0,0
11/14/2018 19:23:44,5536,5537.8,0,0,7328660598,11/14/2018 19:23:44,buy,0.07000000,5536.00000000
11/14/2018 19:23:44,5536,5537.8,0,0,7328660600,11/14/2018 19:23:44,buy,0.00900000,5535.48000000
11/14/2018 19:23:44,5536,5537.8,0,0,7328660602,11/14/2018 19:23:44,buy,0.01791848,5535.00000000
11/14/2018 19:23:44,5536,5537.8,0,0,7328660604,11/14/2018 19:23:44,buy,0.01822986,5535.00000000
11/14/2018 19:23:44,5536,5537.8,0,0,7328660606,11/14/2018 19:23:44,buy,1.86985166,5534.37000000
11/14/2018 19:23:44,5536,5537.8,0,0,7328660609,11/14/2018 19:23:44,buy,0.13014834,5534.37000000
2018-11-14T19:23:44.0000000,5533.42,5537.8,0,0
2018-11-14T19:23:44.0000000,5533.42,5537.8,0,0
11/14/2018 19:23:44,5533.42,5537.8,0,0,7328660611,11/14/2018 19:23:44,buy,0.01000000,5533.42000000
11/14/2018 19:23:44,5533.42,5537.8,0,0,7328660613,11/14/2018 19:23:44,buy,0.01500000,5532.79000000
11/14/2018 19:23:44,5533.42,5537.8,0,0,7328660615,11/14/2018 19:23:44,buy,0.00100000,5532.00000000
11/14/2018 19:23:44,5533.42,5537.8,0,0,7328660617,11/14/2018 19:23:44,buy,0.10658986,5531.95000000
11/14/2018 19:23:44,5533.42,5537.8,0,0,7328660619,11/14/2018 19:23:44,buy,0.00443326,5531.51000000
11/14/2018 19:23:44,5533.42,5537.8,0,0,7328660621,11/14/2018 19:23:44,buy,0.02000000,5531.51000000
11/14/2018 19:23:44,5533.42,5537.8,0,0,7328660623,11/14/2018 19:23:44,buy,0.17600845,5531.49000000
2018-11-14T19:23:44.0000000,5533.42,5537.8,0,7.5
2018-11-14T19:23:44.0000000,5531.49,5534.38,0,7.5
2018-11-14T19:23:44.0000000,5531.49,5534.38,0,8.61040295
2018-11-14T19:23:44.0000000,5531.49,5534.38,0,8.6066744
11/14/2018 19:23:44,5531.49,5534.38,0,8.6066744,7328660671,11/14/2018 19:23:44,sell,0.00372855,5534.38000000
2018-11-14T19:23:44.0000000,5531.5,5534.38,0,8.6066744
2018-11-14T19:23:44.0000000,5531.5,5534.38,0,7.5
2018-11-14T19:23:44.0000000,5531.5,5534.38,0,0
11/14/2018 19:23:44,5531.5,5534.38,0,0,7328660721,11/14/2018 19:23:44,sell,0.03760000,5534.34000000
2018-11-14T19:23:44.0000000,5532.66,5534.34,0,0
2018-11-14T19:23:44.0000000,5532.66,5534.34,0,0
2018-11-14T19:23:44.0000000,5532.66,5534.34,0,7.5
2018-11-14T19:23:44.0000000,5532.66,5534.34,0,0
2018-11-14T19:23:44.0000000,5532.66,5534.34,0,7.5
2018-11-14T19:23:44.0000000,5532.66,5534.34,0,7.5
2018-11-14T19:23:45.0000000,5532.66,5534.34,0,0
2018-11-14T19:23:45.0000000,5532.66,5534.34,0,0.018
11/14/2018 19:23:45,5532.66,5534.34,0,0.018,7328660837,11/14/2018 19:23:45,sell,0.01625788,5538.23000000
2018-11-14T19:23:45.0000000,5534.35,5538.23,0,0.018
2018-11-14T19:23:45.0000000,5534.35,5538.23,0,7.5
2018-11-14T19:23:45.0000000,5534.35,5538.23,0.04,7.5
2018-11-14T19:23:45.0000000,5534.35,5538.23,0.04,0
2018-11-14T19:23:45.0000000,5534.35,5538.23,0.939,0
2018-11-14T19:23:45.0000000,5534.35,5538.23,0.919,0
2018-11-14T19:23:45.0000000,5534.35,5538.23,0.02,0
2018-11-14T19:23:45.0000000,5534.35,5538.23,0.02,0.00180563
11/14/2018 19:23:45,5534.35,5538.23,0.02,0.00180563,7328660949,11/14/2018 19:23:45,sell,0.35300036,5538.17000000
2018-11-14T19:23:45.0000000,5536.5,5538.17,0.02,0.00180563
2018-11-14T19:23:45.0000000,5536.5,5538.17,0.02,0
2018-11-14T19:23:46.0000000,5536.5,5538.17,2.252,0
11/14/2018 19:23:46,5536.5,5538.17,2.252,0,7328660981,11/14/2018 19:23:46,sell,0.00180563,5538.23000000
2018-11-14T19:23:46.0000000,5538.22,5542.54,2.252,0
2018-11-14T19:23:46.0000000,5538.22,5542.54,8.5,0
2018-11-14T19:23:46.0000000,5538.22,5542.54,8.51,0
2018-11-14T19:23:46.0000000,5538.22,5542.54,8.51,8.432
2018-11-14T19:23:46.0000000,5538.22,5542.54,8.528,8.432
2018-11-14T19:23:46.0000000,5538.22,5542.54,8.528,0.932
2018-11-14T19:23:46.0000000,5538.22,5542.54,8.51,0.932
2018-11-14T19:23:46.0000000,5538.22,5542.54,8.51,0
11/14/2018 19:23:46,5538.22,5542.54,8.51,0,7328661104,11/14/2018 19:23:46,sell,0.00449723,5542.35000000
2018-11-14T19:23:46.0000000,5538.24,5542.35,8.51,0
2018-11-14T19:23:46.0000000,5538.24,5542.35,8.51,9.99550277
2018-11-14T19:23:46.0000000,5538.24,5542.35,0,9.99550277
2018-11-14T19:23:46.0000000,5538.24,5542.35,0,2.49550277
2018-11-14T19:23:46.0000000,5538.24,5542.35,0,0
2018-11-14T19:23:46.0000000,5538.24,5542.35,0.01,0
11/14/2018 19:23:47,5538.24,5542.35,0.01,0,7328661190,11/14/2018 19:23:47,sell,0.01128228,5542.28000000
2018-11-14T19:23:47.0000000,5538.25,5542.28,0.01,0
2018-11-14T19:23:47.0000000,5538.25,5542.28,0,0
11/14/2018 19:23:47,5538.25,5542.28,0,0,7328661198,11/14/2018 19:23:47,sell,0.01792405,5542.27000000
2018-11-14T19:23:47.0000000,5538.24,5542.27,0,0
2018-11-14T19:23:47.0000000,5538.24,5542.27,0,2.48207595
2018-11-14T19:23:47.0000000,5538.24,5542.27,0,0
2018-11-14T19:23:47.0000000,5538.24,5542.27,0,0
2018-11-14T19:23:47.0000000,5538.24,5542.27,0.01,0
11/14/2018 19:23:47,5538.24,5542.27,0.01,0,7328661339,11/14/2018 19:23:47,sell,0.08846871,5540.22000000
2018-11-14T19:23:47.0000000,5540.21,5540.22,0.01,0
2018-11-14T19:23:47.0000000,5540.21,5540.22,8.518,0
2018-11-14T19:23:47.0000000,5540.21,5540.22,9.518,0
2018-11-14T19:23:47.0000000,5540.21,5540.22,9.518,9.91153129
2018-11-14T19:23:48.0000000,5540.21,5540.22,9.5,9.91153129
2018-11-14T19:23:48.0000000,5540.21,5540.22,9.5,9.90332566
11/14/2018 19:23:48,5540.21,5540.22,9.5,9.90332566,7328661353,11/14/2018 19:23:48,sell,0.00820563,5540.22000000
2018-11-14T19:23:48.0000000,5540.21,5540.22,9.5,9.90332566
2018-11-14T19:23:48.0000000,5540.21,5540.22,9.5,2.40332566
2018-11-14T19:23:48.0000000,5540.21,5540.22,9.5,2.27732566
11/14/2018 19:23:48,5540.21,5540.22,9.5,2.27732566,7328661362,11/14/2018 19:23:48,sell,0.12600000,5540.22000000
2018-11-14T19:23:48.0000000,5540.21,5540.22,9.5,2.27732566
2018-11-14T19:23:48.0000000,5540.21,5540.22,9.5,9.77732566
2018-11-14T19:23:48.0000000,5540.21,5540.22,9.5,9.68902104
11/14/2018 19:23:48,5540.21,5540.22,9.5,9.68902104,7328661394,11/14/2018 19:23:48,sell,0.08830462,5540.22000000
2018-11-14T19:23:48.0000000,5540.21,5540.22,9.5,9.68902104
2018-11-14T19:23:48.0000000,5540.21,5540.22,9.518,9.68902104
2018-11-14T19:23:48.0000000,5540.21,5540.22,9.5,9.68902104
2018-11-14T19:23:48.0000000,5540.21,5540.22,9.5,9.56872104
11/14/2018 19:23:48,5540.21,5540.22,9.5,9.56872104,7328661416,11/14/2018 19:23:48,sell,0.12030000,5540.22000000
2018-11-14T19:23:48.0000000,5540.21,5540.22,9.5,10.56872104
2018-11-14T19:23:48.0000000,5540.21,5540.22,9.5,10.56872104
2018-11-14T19:23:49.0000000,5540.21,5540.22,9.51,10.56872104
2018-11-14T19:23:49.0000000,5540.21,5540.22,2.01,10.56872104
2018-11-14T19:23:49.0000000,5540.21,5540.22,1.7376,10.56872104
11/14/2018 19:23:49,5540.21,5540.22,1.7376,10.56872104,7328661460,11/14/2018 19:23:49,buy,0.27240000,5540.21000000
2018-11-14T19:23:49.0000000,5540.21,5540.22,1.7376,10.56872104
2018-11-14T19:23:49.0000000,5540.21,5540.22,0.7376,10.56872104
2018-11-14T19:23:49.0000000,5540.21,5540.22,0.01,10.56872104
2018-11-14T19:23:49.0000000,5540.21,5540.22,0.01,11.56872104
2018-11-14T19:23:49.0000000,5540.21,5540.22,7.51,11.56872104
2018-11-14T19:23:49.0000000,5540.21,5540.22,7.5,11.56872104
2018-11-14T19:23:49.0000000,5540.21,5540.22,8.5,11.56872104
2018-11-14T19:23:49.0000000,5540.21,5540.22,8.5,12.56872104
2018-11-14T19:23:49.0000000,5540.21,5540.22,8.5,11.56872104
2018-11-14T19:23:49.0000000,5540.21,5540.22,8.5,12.06872104
2018-11-14T19:23:49.0000000,5540.21,5540.22,8.5,12.02719081
11/14/2018 19:23:49,5540.21,5540.22,8.5,12.02719081,7328661524,11/14/2018 19:23:49,sell,0.04153023,5540.22000000
2018-11-14T19:23:49.0000000,5540.21,5540.22,8.5,12.02719081
2018-11-14T19:23:50.0000000,5540.21,5540.22,8.51,12.02719081
2018-11-14T19:23:50.0000000,5540.21,5540.22,8.51,12.00995504
11/14/2018 19:23:50,5540.21,5540.22,8.51,12.00995504,7328661540,11/14/2018 19:23:50,sell,0.01723577,5540.22000000
2018-11-14T19:23:50.0000000,5540.21,5540.22,8.51,12.00995504
2018-11-14T19:23:50.0000000,5540.21,5540.22,8.51,4.50995504
2018-11-14T19:23:50.0000000,5540.21,5540.22,9.762,4.50995504
2018-11-14T19:23:50.0000000,5540.21,5540.22,8.51,4.50995504
2018-11-14T19:23:50.0000000,5540.21,5540.22,9.762,4.50995504
2018-11-14T19:23:50.0000000,5540.21,5540.22,9.762,4.40995504
11/14/2018 19:23:50,5540.21,5540.22,9.762,4.40995504,7328661566,11/14/2018 19:23:50,sell,0.10000000,5540.22000000
2018-11-14T19:23:50.0000000,5540.21,5540.22,9.762,4.40995504
2018-11-14T19:23:50.0000000,5540.21,5540.22,9.762,4.30995504
11/14/2018 19:23:50,5540.21,5540.22,9.762,4.30995504,7328661571,11/14/2018 19:23:50,sell,0.10000000,5540.22000000
2018-11-14T19:23:50.0000000,5540.21,5540.22,9.762,4.30995504
2018-11-14T19:23:50.0000000,5540.21,5540.22,9.762,3.30995504
2018-11-14T19:23:50.0000000,5540.21,5540.22,9.762,3.3013293
11/14/2018 19:23:50,5540.21,5540.22,9.762,3.3013293,7328661585,11/14/2018 19:23:50,sell,0.00862574,5540.22000000
2018-11-14T19:23:50.0000000,5540.21,5540.22,9.762,3.3013293
2018-11-14T19:23:50.0000000,5540.21,5540.22,9.762,3.2234293
11/14/2018 19:23:50,5540.21,5540.22,9.762,3.2234293,7328661590,11/14/2018 19:23:50,sell,0.07790000,5540.22000000
2018-11-14T19:23:50.0000000,5540.21,5540.22,9.762,3.2234293
2018-11-14T19:23:51.0000000,5540.21,5540.22,9.762,3.0939293
11/14/2018 19:23:51,5540.21,5540.22,9.762,3.0939293,7328661593,11/14/2018 19:23:51,sell,0.12950000,5540.22000000
2018-11-14T19:23:51.0000000,5540.21,5540.22,9.762,3.0939293
2018-11-14T19:23:51.0000000,5540.21,5540.22,9.762,3.0439293
11/14/2018 19:23:51,5540.21,5540.22,9.762,3.0439293,7328661607,11/14/2018 19:23:51,sell,0.05000000,5540.22000000
2018-11-14T19:23:51.0000000,5540.21,5540.22,9.762,3.0439293
2018-11-14T19:23:51.0000000,5540.21,5540.22,9.762,2.9939293
11/14/2018 19:23:51,5540.21,5540.22,9.762,2.9939293,7328661617,11/14/2018 19:23:51,sell,0.05000000,5540.22000000
2018-11-14T19:23:51.0000000,5540.21,5540.22,9.762,2.8939293
11/14/2018 19:23:51,5540.21,5540.22,9.762,2.8939293,7328661620,11/14/2018 19:23:51,sell,0.10000000,5540.22000000
2018-11-14T19:23:51.0000000,5540.21,5540.22,9.762,2.8939293
2018-11-14T19:23:51.0000000,5540.21,5540.22,9.762,2.7939293
11/14/2018 19:23:51,5540.21,5540.22,9.762,2.7939293,7328661623,11/14/2018 19:23:51,sell,0.10000000,5540.22000000
2018-11-14T19:23:51.0000000,5540.21,5540.22,9.762,2.7639293
11/14/2018 19:23:51,5540.21,5540.22,9.762,2.7639293,7328661632,11/14/2018 19:23:51,sell,0.03000000,5540.22000000
2018-11-14T19:23:51.0000000,5540.21,5540.22,9.762,2.7639293
2018-11-14T19:23:51.0000000,5540.21,5540.22,9.762,2.6639293
11/14/2018 19:23:51,5540.21,5540.22,9.762,2.6639293,7328661635,11/14/2018 19:23:51,sell,0.10000000,5540.22000000
2018-11-14T19:23:51.0000000,5540.21,5540.22,9.762,2.5639293
11/14/2018 19:23:51,5540.21,5540.22,9.762,2.5639293,7328661638,11/14/2018 19:23:51,sell,0.10000000,5540.22000000
2018-11-14T19:23:51.0000000,5540.21,5540.22,9.762,2.5639293
2018-11-14T19:23:51.0000000,5540.21,5540.22,9.762,2.4298293
11/14/2018 19:23:51,5540.21,5540.22,9.762,2.4298293,7328661642,11/14/2018 19:23:51,sell,0.13410000,5540.22000000
2018-11-14T19:23:51.0000000,5540.21,5540.22,9.762,2.4298293
2018-11-14T19:23:51.0000000,5540.21,5540.22,9.762,2.3598293
11/14/2018 19:23:51,5540.21,5540.22,9.762,2.3598293,7328661648,11/14/2018 19:23:51,sell,0.07000000,5540.22000000
2018-11-14T19:23:51.0000000,5540.21,5540.22,9.762,2.3598293
2018-11-14T19:23:51.0000000,5540.21,5540.22,9.762,2.2998293
11/14/2018 19:23:51,5540.21,5540.22,9.762,2.2998293,7328661652,11/14/2018 19:23:51,sell,0.06000000,5540.22000000
2018-11-14T19:23:51.0000000,5540.21,5540.22,9.762,2.2998293
2018-11-14T19:23:51.0000000,5540.21,5540.22,9.57765475,2.2998293
11/14/2018 19:23:51,5540.21,5540.22,9.57765475,2.2998293,7328661657,11/14/2018 19:23:51,buy,0.18434525,5540.21000000
2018-11-14T19:23:51.0000000,5540.21,5540.22,9.57765475,2.2998293
2018-11-14T19:23:52.0000000,5540.21,5540.22,9.57765475,2.2898293
11/14/2018 19:23:52,5540.21,5540.22,9.57765475,2.2898293,7328661669,11/14/2018 19:23:52,sell,0.01000000,5540.22000000
2018-11-14T19:23:52.0000000,5540.21,5540.22,9.57765475,2.2898293
2018-11-14T19:23:52.0000000,5540.21,5540.22,9.57765475,1.7898293
2018-11-14T19:23:52.0000000,5540.21,5540.22,2.262,1.7898293
2018-11-14T19:23:52.0000000,5540.21,5540.22,1.762,1.7898293
11/14/2018 19:23:52,5540.21,5540.22,1.762,1.7898293,7328661688,11/14/2018 19:23:52,buy,0.50000000,5540.21000000
2018-11-14T19:23:52.0000000,5540.21,5540.22,1.762,1.7898293
2018-11-14T19:23:52.0000000,5540.21,5540.22,1.262,1.7898293
11/14/2018 19:23:52,5540.21,5540.22,1.262,1.7898293,7328661691,11/14/2018 19:23:52,buy,0.50000000,5540.21000000
2018-11-14T19:23:52.0000000,5540.21,5540.22,1.262,1.7898293
2018-11-14T19:23:52.0000000,5540.21,5540.22,1.252,1.7898293
11/14/2018 19:23:52,5540.21,5540.22,1.252,1.7898293,7328661693,11/14/2018 19:23:52,buy,0.01000000,5540.21000000
2018-11-14T19:23:52.0000000,5540.21,5540.22,0.762,1.7898293
11/14/2018 19:23:52,5540.21,5540.22,0.762,1.7898293,7328661695,11/14/2018 19:23:52,buy,0.49000000,5540.21000000
2018-11-14T19:23:52.0000000,5540.21,5540.22,0.762,1.7898293
2018-11-14T19:23:52.0000000,5540.21,5540.22,0,1.7898293
11/14/2018 19:23:52,5540.21,5540.22,0,1.7898293,7328661704,11/14/2018 19:23:52,buy,0.76200000,5540.21000000
11/14/2018 19:23:52,5540.21,5540.22,0,1.7898293,7328661706,11/14/2018 19:23:52,buy,0.01000000,5540.07000000
11/14/2018 19:23:52,5540.21,5540.22,0,1.7898293,7328661708,11/14/2018 19:23:52,buy,0.72800000,5534.33000000
2018-11-14T19:23:52.0000000,5534.33,5540.22,0,1.7898293
2018-11-14T19:23:52.0000000,5534.33,5540.22,0,0.7898293
2018-11-14T19:23:52.0000000,5534.33,5540.22,0,0.7898293
11/14/2018 19:23:52,5534.33,5540.22,0,0.7898293,7328661726,11/14/2018 19:23:52,buy,0.27200000,5534.33000000
2018-11-14T19:23:52.0000000,5531.19,5540.22,0,0.7898293
2018-11-14T19:23:52.0000000,5531.19,5540.22,0.09599155,0.7898293
11/14/2018 19:23:52,5531.19,5540.22,0.09599155,0.7898293,7328661728,11/14/2018 19:23:52,buy,0.22800000,5531.19000000
2018-11-14T19:23:52.0000000,5531.19,5540.22,0,0.7898293
11/14/2018 19:23:52,5531.19,5540.22,0,0.7898293,7328661731,11/14/2018 19:23:52,buy,0.09599155,5531.19000000
2018-11-14T19:23:52.0000000,5530.48,5540.22,0,0.7898293
2018-11-14T19:23:52.0000000,5530.48,5540.22,0,0.7898293
11/14/2018 19:23:52,5530.48,5540.22,0,0.7898293,7328661733,11/14/2018 19:23:52,buy,0.00450000,5530.48000000
11/14/2018 19:23:52,5530.48,5540.22,0,0.7898293,7328661735,11/14/2018 19:23:52,buy,0.30000000,5530.40000000
11/14/2018 19:23:52,5530.48,5540.22,0,0.7898293,7328661737,11/14/2018 19:23:52,buy,0.01000000,5530.00000000
11/14/2018 19:23:52,5530.48,5540.22,0,0.7898293,7328661739,11/14/2018 19:23:52,buy,0.04000000,5530.00000000
11/14/2018 19:23:52,5530.48,5540.22,0,0.7898293,7328661741,11/14/2018 19:23:52,buy,0.04000000,5530.00000000
11/14/2018 19:23:52,5530.48,5540.22,0,0.7898293,7328661743,11/14/2018 19:23:52,buy,0.00950845,5530.00000000
11/14/2018 19:23:52,5530.48,5540.22,0,0.7898293,7328661746,11/14/2018 19:23:52,buy,0.17132338,5530.00000000
11/14/2018 19:23:52,5530.48,5540.22,0,0.7898293,7328661748,11/14/2018 19:23:52,buy,0.01000000,5530.00000000
11/14/2018 19:23:52,5530.48,5540.22,0,0.7898293,7328661750,11/14/2018 19:23:52,buy,0.01000000,5530.00000000
11/14/2018 19:23:52,5530.48,5540.22,0,0.7898293,7328661752,11/14/2018 19:23:52,buy,0.01000000,5530.00000000
11/14/2018 19:23:52,5530.48,5540.22,0,0.7898293,7328661754,11/14/2018 19:23:52,buy,0.00100000,5530.00000000
11/14/2018 19:23:52,5530.48,5540.22,0,0.7898293,7328661756,11/14/2018 19:23:52,buy,0.00100000,5530.00000000
11/14/2018 19:23:52,5530.48,5540.22,0,0.7898293,7328661758,11/14/2018 19:23:52,buy,0.05000000,5530.00000000
11/14/2018 19:23:52,5530.48,5540.22,0,0.7898293,7328661760,11/14/2018 19:23:52,buy,0.01000000,5529.00000000
11/14/2018 19:23:52,5530.48,5540.22,0,0.7898293,7328661762,11/14/2018 19:23:52,buy,0.05000000,5529.00000000
11/14/2018 19:23:52,5530.48,5540.22,0,0.7898293,7328661764,11/14/2018 19:23:52,buy,0.00180563,5528.24000000
11/14/2018 19:23:52,5530.48,5540.22,0,0.7898293,7328661766,11/14/2018 19:23:52,buy,0.01000000,5528.00000000
11/14/2018 19:23:52,5530.48,5540.22,0,0.7898293,7328661768,11/14/2018 19:23:52,buy,0.01250000,5528.00000000
11/14/2018 19:23:52,5530.48,5540.22,0,0.7898293,7328661770,11/14/2018 19:23:52,buy,0.05000000,5528.00000000
11/14/2018 19:23:52,5530.48,5540.22,0,0.7898293,7328661772,11/14/2018 19:23:52,buy,0.00750000,5527.79000000
11/14/2018 19:23:52,5530.48,5540.22,0,0.7898293,7328661774,11/14/2018 19:23:52,buy,0.00151597,5527.78000000
11/14/2018 19:23:52,5530.48,5540.22,0,0.7898293,7328661776,11/14/2018 19:23:52,buy,0.01000000,5527.00000000
11/14/2018 19:23:52,5530.48,5540.22,0,0.7898293,7328661778,11/14/2018 19:23:52,buy,0.25000000,5526.66000000
2018-11-14T19:23:52.0000000,5526.66,5540.22,0,0.7898293
2018-11-14T19:23:52.0000000,5526.66,5540.22,0,0.7898293
11/14/2018 19:23:52,5526.66,5540.22,0,0.7898293,7328661780,11/14/2018 19:23:52,buy,0.10000000,5526.66000000
11/14/2018 19:23:52,5526.66,5540.22,0,0.7898293,7328661782,11/14/2018 19:23:52,buy,0.05000000,5526.01000000
11/14/2018 19:23:52,5526.66,5540.22,0,0.7898293,7328661784,11/14/2018 19:23:52,buy,0.01000000,5526.00000000
11/14/2018 19:23:52,5526.66,5540.22,0,0.7898293,7328661786,11/14/2018 19:23:52,buy,0.00450000,5525.48000000
11/14/2018 19:23:52,5526.66,5540.22,0,0.7898293,7328661788,11/14/2018 19:23:52,buy,0.00353454,5525.02000000
11/14/2018 19:23:52,5526.66,5540.22,0,0.7898293,7328661791,11/14/2018 19:23:52,buy,0.29335046,5525.02000000
11/14/2018 19:23:52,5526.66,5540.22,0,0.7898293,7328661793,11/14/2018 19:23:52,buy,0.15000000,5525.01000000
11/14/2018 19:23:52,5526.66,5540.22,0,0.7898293,7328661795,11/14/2018 19:23:52,buy,0.10000000,5525.00000000
11/14/2018 19:23:52,5526.66,5540.22,0,0.7898293,7328661797,11/14/2018 19:23:52,buy,0.20000000,5525.00000000
11/14/2018 19:23:52,5526.66,5540.22,0,0.7898293,7328661799,11/14/2018 19:23:52,buy,0.10000000,5525.00000000
11/14/2018 19:23:52,5526.66,5540.22,0,0.7898293,7328661801,11/14/2018 19:23:52,buy,0.00460000,5525.00000000
11/14/2018 19:23:52,5526.66,5540.22,0,0.7898293,7328661803,11/14/2018 19:23:52,buy,0.01000000,5525.00000000
11/14/2018 19:23:52,5526.66,5540.22,0,0.7898293,7328661805,11/14/2018 19:23:52,buy,0.36199100,5525.00000000
11/14/2018 19:23:52,5526.66,5540.22,0,0.7898293,7328661807,11/14/2018 19:23:52,buy,0.30000000,5525.00000000
11/14/2018 19:23:52,5526.66,5540.22,0,0.7898293,7328661809,11/14/2018 19:23:52,buy,0.20000000,5525.00000000
11/14/2018 19:23:52,5526.66,5540.22,0,0.7898293,7328661811,11/14/2018 19:23:52,buy,0.10000000,5525.00000000
11/14/2018 19:23:52,5526.66,5540.22,0,0.7898293,7328661813,11/14/2018 19:23:52,buy,0.40000000,5525.00000000
11/14/2018 19:23:52,5526.66,5540.22,0,0.7898293,7328661815,11/14/2018 19:23:52,buy,0.00200000,5525.00000000
11/14/2018 19:23:52,5526.66,5540.22,0,0.7898293,7328661817,11/14/2018 19:23:52,buy,0.00900000,5525.00000000
11/14/2018 19:23:52,5526.66,5540.22,0,0.7898293,7328661819,11/14/2018 19:23:52,buy,0.00400000,5525.00000000
11/14/2018 19:23:52,5526.66,5540.22,0,0.7898293,7328661821,11/14/2018 19:23:52,buy,0.00100000,5525.00000000
11/14/2018 19:23:52,5526.66,5540.22,0,0.7898293,7328661823,11/14/2018 19:23:52,buy,0.01000000,5525.00000000
11/14/2018 19:23:52,5526.66,5540.22,0,0.7898293,7328661825,11/14/2018 19:23:52,buy,0.50244440,5525.00000000
11/14/2018 19:23:52,5526.66,5540.22,0,0.7898293,7328661827,11/14/2018 19:23:52,buy,0.00442882,5524.60000000
11/14/2018 19:23:52,5526.66,5540.22,0,0.7898293,7328661829,11/14/2018 19:23:52,buy,0.01996717,5524.43000000
11/14/2018 19:23:52,5526.66,5540.22,0,0.7898293,7328661831,11/14/2018 19:23:52,buy,0.02000000,5524.43000000
11/14/2018 19:23:52,5526.66,5540.22,0,0.7898293,7328661833,11/14/2018 19:23:52,buy,0.00486749,5524.41000000
11/14/2018 19:23:52,5526.66,5540.22,0,0.7898293,7328661835,11/14/2018 19:23:52,buy,0.01000000,5524.00000000
11/14/2018 19:23:52,5526.66,5540.22,0,0.7898293,7328661837,11/14/2018 19:23:52,buy,0.04914970,5523.83000000
11/14/2018 19:23:52,5526.66,5540.22,0,0.7898293,7328661839,11/14/2018 19:23:52,buy,4.85879803,5523.67000000
11/14/2018 19:23:52,5526.66,5540.22,0,0.7898293,7328661844,11/14/2018 19:23:52,buy,0.01143957,5523.67000000
11/14/2018 19:23:52,5526.66,5540.22,0,0.7898293,7328661849,11/14/2018 19:23:52,buy,0.00100000,5523.67000000
11/14/2018 19:23:52,5526.66,5540.22,0,0.7898293,7328661852,11/14/2018 19:23:52,buy,0.01000000,5523.67000000
11/14/2018 19:23:52,5526.66,5540.22,0,0.7898293,7328661855,11/14/2018 19:23:52,buy,0.11876240,5523.67000000
11/14/2018 19:23:52,5526.66,5540.22,0,0.7898293,7328661857,11/14/2018 19:23:52,buy,0.04526091,5523.53000000
11/14/2018 19:23:52,5526.66,5540.22,0,0.7898293,7328661859,11/14/2018 19:23:52,buy,0.01000000,5523.00000000
11/14/2018 19:23:52,5526.66,5540.22,0,0.7898293,7328661861,11/14/2018 19:23:52,buy,1.00000000,5522.82000000
11/14/2018 19:23:52,5526.66,5540.22,0,0.7898293,7328661863,11/14/2018 19:23:52,buy,0.00750000,5522.79000000
11/14/2018 19:23:52,5526.66,5540.22,0,0.7898293,7328661865,11/14/2018 19:23:52,buy,0.75000000,5522.78000000
11/14/2018 19:23:52,5526.66,5540.22,0,0.7898293,7328661867,11/14/2018 19:23:52,buy,0.03877669,5522.49000000
2018-11-14T19:23:52.0000000,5526.66,5540.22,0,1.20373344
2018-11-14T19:23:52.0000000,5526.66,5540.22,0,1.4414855
2018-11-14T19:23:52.0000000,5526.66,5540.22,0,1.02758136
2018-11-14T19:23:52.0000000,5526.66,5540.22,0,0.7898293
2018-11-14T19:23:52.0000000,5522.49,5526,0,0.7898293
2018-11-14T19:23:52.0000000,5522.49,5526,0,0.26459085
11/14/2018 19:23:52,5522.49,5526,0,0.26459085,7328661927,11/14/2018 19:23:52,sell,0.02000000,5526.00000000
2018-11-14T19:23:52.0000000,5522.49,5526,0,0
11/14/2018 19:23:52,5522.49,5526,0,0,7328661936,11/14/2018 19:23:52,sell,0.26459085,5526.00000000
11/14/2018 19:23:52,5522.49,5526,0,0,7328661950,11/14/2018 19:23:52,sell,0.13920094,5529.00000000
2018-11-14T19:23:52.0000000,5530.99,5531,0,0
2018-11-14T19:23:52.0000000,5530.99,5531,0,0
2018-11-14T19:23:52.0000000,5530.99,5531,0,0
2018-11-14T19:23:52.0000000,5530.99,5531,7.31565475,0
2018-11-14T19:23:52.0000000,5530.99,5531,7.31565475,1
2018-11-14T19:23:52.0000000,5530.99,5531,0,1
2018-11-14T19:23:52.0000000,5530.99,5531,1,1
2018-11-14T19:23:52.0000000,5530.99,5531,1,0
2018-11-14T19:23:52.0000000,5530.99,5531,1,1
2018-11-14T19:23:52.0000000,5530.99,5531,8.31565475,1
2018-11-14T19:23:52.0000000,5530.99,5531,1,1
2018-11-14T19:23:52.0000000,5530.99,5531,8.31565475,1
2018-11-14T19:23:52.0000000,5530.99,5531,9.17645381,1
2018-11-14T19:23:52.0000000,5530.99,5531,8.31565475,1
2018-11-14T19:23:52.0000000,5530.99,5531,8.31565475,0.94167563
11/14/2018 19:23:52,5530.99,5531,8.31565475,0.94167563,7328662082,11/14/2018 19:23:52,sell,0.05832437,5531.00000000
2018-11-14T19:23:52.0000000,5530.99,5531,8.31565475,0.94167563
2018-11-14T19:23:52.0000000,5530.99,5531,8.31565475,0.73167563
11/14/2018 19:23:52,5530.99,5531,8.31565475,0.73167563,7328662097,11/14/2018 19:23:52,sell,0.21000000,5531.00000000
2018-11-14T19:23:52.0000000,5530.99,5531,8.31565475,0.73167563
2018-11-14T19:23:53.0000000,5530.99,5531,8.31565475,1
2018-11-14T19:23:53.0000000,5530.99,5531,8.03375675,1
11/14/2018 19:23:53,5530.99,5531,8.03375675,1,7328662143,11/14/2018 19:23:53,buy,0.28189800,5530.99000000
2018-11-14T19:23:53.0000000,5530.99,5531,8.03375675,1
2018-11-14T19:23:53.0000000,5530.99,5531,7.31565475,1
11/14/2018 19:23:53,5530.99,5531,7.31565475,1,7328662153,11/14/2018 19:23:53,buy,0.71810200,5530.99000000
2018-11-14T19:23:53.0000000,5530.99,5531,7.31565475,1
2018-11-14T19:23:53.0000000,5530.99,5531,0,1
2018-11-14T19:23:53.0000000,5530.99,5531,0.02367741,1
2018-11-14T19:23:53.0000000,5530.99,5531,0.02367741,0.26832437
2018-11-14T19:23:53.0000000,5530.99,5531,0.02367741,0
2018-11-14T19:23:53.0000000,5530.99,5531,1.9924,0
2018-11-14T19:23:53.0000000,5530.99,5531,1.96872259,0
11/14/2018 19:23:53,5530.99,5531,1.96872259,0,7328662195,11/14/2018 19:23:53,sell,0.02367741,5530.99000000
2018-11-14T19:23:53.0000000,5525.99,5530.99,1.96872259,0
2018-11-14T19:23:53.0000000,5525.99,5530.99,1.96872259,1.84192661
11/14/2018 19:23:53,5525.99,5530.99,1.96872259,1.84192661,7328662197,11/14/2018 19:23:53,sell,0.12679598,5530.99000000
2018-11-14T19:23:53.0000000,5525.99,5530.99,1.96872259,1.84192661
11/14/2018 19:23:53,5525.99,5530.99,1.96872259,1.84192661,7328662258,11/14/2018 19:23:53,sell,0.04425699,5530.97000000
2018-11-14T19:23:53.0000000,5526.01,5530.97,1.96872259,1.84192661
2018-11-14T19:23:53.0000000,5526.01,5530.97,1.96872259,0
2018-11-14T19:23:53.0000000,5526.01,5530.97,1.96872259,0.70188513
2018-11-14T19:23:53.0000000,5526.01,5530.97,1.96872259,0
2018-11-14T19:23:53.0000000,5526.01,5530.97,1.96872259,0.70188513
2018-11-14T19:23:54.0000000,5526.01,5530.97,1.96872259,0
2018-11-14T19:23:54.0000000,5526.01,5530.97,0.03,0
2018-11-14T19:23:54.0000000,5526.01,5530.97,0.03,0.70188513
2018-11-14T19:23:54.0000000,5526.01,5530.97,0.03,0
2018-11-14T19:23:54.0000000,5526.01,5530.97,0.03,0.70188513
2018-11-14T19:23:54.0000000,5526.01,5530.97,0.03,0
2018-11-14T19:23:54.0000000,5526.01,5530.97,0.03,0.70188513
2018-11-14T19:23:54.0000000,5526.01,5530.97,0.03,0
2018-11-14T19:23:54.0000000,5526.01,5530.97,0.03,0.70188513
2018-11-14T19:23:54.0000000,5526.01,5530.97,0.03,0
2018-11-14T19:23:54.0000000,5526.01,5530.97,0.03,0.70188513
2018-11-14T19:23:54.0000000,5526.01,5530.97,0.03,0.60757366
11/14/2018 19:23:54,5526.01,5530.97,0.03,0.60757366,7328662353,11/14/2018 19:23:54,sell,0.09431147,5530.97000000
2018-11-14T19:23:54.0000000,5526.06,5530.97,0.03,0.60757366
2018-11-14T19:23:54.0000000,5526.06,5530.97,0.03,0
11/14/2018 19:23:54,5526.06,5530.97,0.03,0,7328662358,11/14/2018 19:23:54,sell,0.03652838,5530.99000000
2018-11-14T19:23:54.0000000,5526.06,5530.99,0.03,0
