topBid,topAsk,sequence,time,side,size,price
2018-11-13T03:56:23.0000000,6295.9,6295.91,10.98719359,12.76523698
2018-11-13T03:56:23.0000000,6295.9,6295.91,9.98719359,12.76523698
2018-11-13T03:56:23.0000000,6295.9,6295.91,9.98719359,5.26523698
2018-11-13T03:56:23.0000000,6295.9,6295.91,9.98719359,6.26523698
2018-11-13T03:56:23.0000000,6295.9,6295.91,15.19519359,6.26523698
2018-11-13T03:56:23.0000000,6295.9,6295.91,15.19519359,5.26523698
2018-11-13T03:56:23.0000000,6295.9,6295.91,16.19519359,5.26523698
2018-11-13T03:56:23.0000000,6295.9,6295.91,10.98719359,5.26523698
2018-11-13T03:56:23.0000000,6295.9,6295.91,10.98719359,12.76523698
2018-11-13T03:56:23.0000000,6295.9,6295.91,10.98719359,5.26523698
2018-11-13T03:56:23.0000000,6295.9,6295.91,16.19519359,5.26523698
2018-11-13T03:56:23.0000000,6295.9,6295.91,15.19519359,5.26523698
2018-11-13T03:56:23.0000000,6295.9,6295.91,9.98719359,5.26523698
2018-11-13T03:56:23.0000000,6295.9,6295.91,7.98719359,5.26523698
2018-11-13T03:56:23.0000000,6295.9,6295.91,7.98719359,6.26523698
2018-11-13T03:56:23.0000000,6295.9,6295.91,7.98719359,6.15885188
11/13/2018 3:56:23,6295.9,6295.91,7.98719359,6.15885188,7319925783,11/13/2018 3:56:23,sell,0.10638510,6295.91000000
2018-11-13T03:56:23.0000000,6295.9,6295.91,7.98719359,6.15885188
2018-11-13T03:56:23.0000000,6295.9,6295.91,7.98719359,13.65885188
2018-11-13T03:56:23.0000000,6295.9,6295.91,8.98719359,13.65885188
2018-11-13T03:56:23.0000000,6295.9,6295.91,8.98719359,12.65885188
2018-11-13T03:56:23.0000000,6295.9,6295.91,8.98719359,5.15885188
2018-11-13T03:56:23.0000000,6295.9,6295.91,7.98719359,5.15885188
2018-11-13T03:56:23.0000000,6295.9,6295.91,13.19519359,5.15885188
2018-11-13T03:56:23.0000000,6295.9,6295.91,7.98719359,5.15885188
2018-11-13T03:56:23.0000000,6295.9,6295.91,7.98719359,12.65885188
2018-11-13T03:56:23.0000000,6295.9,6295.91,7.98719359,5.15885188
2018-11-13T03:56:23.0000000,6295.9,6295.91,8.98719359,5.15885188
2018-11-13T03:56:23.0000000,6295.9,6295.91,14.19519359,5.15885188
2018-11-13T03:56:23.0000000,6295.9,6295.91,13.19519359,5.15885188
2018-11-13T03:56:23.0000000,6295.9,6295.91,13.19519359,6.15885188
2018-11-13T03:56:23.0000000,6295.9,6295.91,13.19519359,5.15885188
2018-11-13T03:56:23.0000000,6295.9,6295.91,14.19519359,5.15885188
2018-11-13T03:56:23.0000000,6295.9,6295.91,8.98719359,5.15885188
2018-11-13T03:56:23.0000000,6295.9,6295.91,8.98719359,12.65885188
2018-11-13T03:56:23.0000000,6295.9,6295.91,8.98719359,5.15885188
2018-11-13T03:56:23.0000000,6295.9,6295.91,14.19519359,5.15885188
2018-11-13T03:56:23.0000000,6295.9,6295.91,14.19519359,6.15885188
2018-11-13T03:56:23.0000000,6295.9,6295.91,13.19519359,6.15885188
2018-11-13T03:56:23.0000000,6295.9,6295.91,13.19519359,5.15885188
2018-11-13T03:56:23.0000000,6295.9,6295.91,14.19519359,5.15885188
2018-11-13T03:56:23.0000000,6295.9,6295.91,8.98719359,5.15885188
2018-11-13T03:56:23.0000000,6295.9,6295.91,8.98719359,12.65885188
2018-11-13T03:56:23.0000000,6295.9,6295.91,8.98719359,13.65885188
2018-11-13T03:56:23.0000000,6295.9,6295.91,7.98719359,13.65885188
2018-11-13T03:56:23.0000000,6295.9,6295.91,7.98719359,6.15885188
2018-11-13T03:56:23.0000000,6295.9,6295.91,13.19519359,6.15885188
2018-11-13T03:56:23.0000000,6295.9,6295.91,13.19519359,5.15885188
2018-11-13T03:56:23.0000000,6295.9,6295.91,14.19519359,5.15885188
2018-11-13T03:56:23.0000000,6295.9,6295.91,8.98719359,5.15885188
2018-11-13T03:56:23.0000000,6295.9,6295.91,8.98719359,12.65885188
2018-11-13T03:56:23.0000000,6295.9,6295.91,7.98719359,12.65885188
2018-11-13T03:56:23.0000000,6295.9,6295.91,7.98719359,13.65885188
2018-11-13T03:56:23.0000000,6295.9,6295.91,7.98719359,6.15885188
2018-11-13T03:56:23.0000000,6295.9,6295.91,13.19519359,6.15885188
2018-11-13T03:56:23.0000000,6295.9,6295.91,13.19519359,5.15885188
2018-11-13T03:56:23.0000000,6295.9,6295.91,14.19519359,5.15885188
2018-11-13T03:56:23.0000000,6295.9,6295.91,8.98719359,5.15885188
2018-11-13T03:56:23.0000000,6295.9,6295.91,9.04719359,5.15885188
2018-11-13T03:56:23.0000000,6295.9,6295.91,9.04719359,12.65885188
2018-11-13T03:56:23.0000000,6295.9,6295.91,8.04719359,12.65885188
2018-11-13T03:56:23.0000000,6295.9,6295.91,8.04719359,13.65885188
2018-11-13T03:56:23.0000000,6295.9,6295.91,8.04719359,6.15885188
2018-11-13T03:56:23.0000000,6295.9,6295.91,9.04719359,6.15885188
2018-11-13T03:56:23.0000000,6295.9,6295.91,9.04719359,5.15885188
2018-11-13T03:56:23.0000000,6295.9,6295.91,8.04719359,5.15885188
2018-11-13T03:56:23.0000000,6295.9,6295.91,8.04719359,6.15885188
2018-11-13T03:56:23.0000000,6295.9,6295.91,8.04719359,5.15885188
2018-11-13T03:56:24.0000000,6295.9,6295.91,9.04719359,5.15885188
2018-11-13T03:56:24.0000000,6295.9,6295.91,9.6825277,5.15885188
2018-11-13T03:56:24.0000000,6295.9,6295.91,9.6825277,12.65885188
2018-11-13T03:56:24.0000000,6295.9,6295.91,8.6825277,12.65885188
2018-11-13T03:56:24.0000000,6295.9,6295.91,8.04719359,12.65885188
2018-11-13T03:56:24.0000000,6295.9,6295.91,8.04719359,5.15885188
2018-11-13T03:56:24.0000000,6295.9,6295.91,8.04719359,6.15885188
2018-11-13T03:56:24.0000000,6295.9,6295.91,13.25519359,6.15885188
2018-11-13T03:56:24.0000000,6295.9,6295.91,14.25519359,6.15885188
2018-11-13T03:56:24.0000000,6295.9,6295.91,14.25519359,5.15885188
2018-11-13T03:56:24.0000000,6295.9,6295.91,9.04719359,5.15885188
2018-11-13T03:56:24.0000000,6295.9,6295.91,11.04719359,5.15885188
2018-11-13T03:56:24.0000000,6295.9,6295.91,11.04719359,12.65885188
2018-11-13T03:56:24.0000000,6295.9,6295.91,11.04719359,5.15885188
2018-11-13T03:56:24.0000000,6295.9,6295.91,10.04719359,5.15885188
2018-11-13T03:56:24.0000000,6295.9,6295.91,15.25519359,5.15885188
2018-11-13T03:56:24.0000000,6295.9,6295.91,15.25519359,6.15885188
2018-11-13T03:56:24.0000000,6295.9,6295.91,16.25519359,6.15885188
2018-11-13T03:56:24.0000000,6295.9,6295.91,16.25519359,5.15885188
2018-11-13T03:56:24.0000000,6295.9,6295.91,11.04719359,5.15885188
2018-11-13T03:56:24.0000000,6295.9,6295.91,11.04719359,12.65885188
2018-11-13T03:56:24.0000000,6295.9,6295.91,10.04719359,12.65885188
2018-11-13T03:56:24.0000000,6295.9,6295.91,10.04719359,13.65885188
2018-11-13T03:56:24.0000000,6295.9,6295.91,10.04719359,6.15885188
2018-11-13T03:56:24.0000000,6295.9,6295.91,11.04719359,6.15885188
2018-11-13T03:56:24.0000000,6295.9,6295.91,11.04719359,5.15885188
2018-11-13T03:56:24.0000000,6295.9,6295.91,11.04719359,12.65885188
2018-11-13T03:56:24.0000000,6295.9,6295.91,10.04719359,12.65885188
2018-11-13T03:56:24.0000000,6295.9,6295.91,10.04719359,13.65885188
2018-11-13T03:56:24.0000000,6295.9,6295.91,10.04719359,6.15885188
2018-11-13T03:56:24.0000000,6295.9,6295.91,15.25519359,6.15885188
2018-11-13T03:56:24.0000000,6295.9,6295.91,16.25519359,6.15885188
2018-11-13T03:56:24.0000000,6295.9,6295.91,16.25519359,5.15885188
2018-11-13T03:56:24.0000000,6295.9,6295.91,11.04719359,5.15885188
2018-11-13T03:56:24.0000000,6295.9,6295.91,11.04719359,12.65885188
2018-11-13T03:56:24.0000000,6295.9,6295.91,10.04719359,12.65885188
2018-11-13T03:56:24.0000000,6295.9,6295.91,10.04719359,5.15885188
2018-11-13T03:56:24.0000000,6295.9,6295.91,10.04719359,6.15885188
2018-11-13T03:56:24.0000000,6295.9,6295.91,15.25519359,6.15885188
2018-11-13T03:56:24.0000000,6295.9,6295.91,16.25519359,6.15885188
2018-11-13T03:56:24.0000000,6295.9,6295.91,16.25519359,5.15885188
2018-11-13T03:56:24.0000000,6295.9,6295.91,11.04719359,5.15885188
2018-11-13T03:56:24.0000000,6295.9,6295.91,11.04719359,12.65885188
2018-11-13T03:56:24.0000000,6295.9,6295.91,10.04719359,12.65885188
2018-11-13T03:56:24.0000000,6295.9,6295.91,10.04719359,5.15885188
2018-11-13T03:56:24.0000000,6295.9,6295.91,15.25519359,5.15885188
2018-11-13T03:56:24.0000000,6295.9,6295.91,15.25519359,6.15885188
2018-11-13T03:56:24.0000000,6295.9,6295.91,15.25519359,5.15885188
2018-11-13T03:56:24.0000000,6295.9,6295.91,16.25519359,5.15885188
2018-11-13T03:56:24.0000000,6295.9,6295.91,11.04719359,5.15885188
2018-11-13T03:56:24.0000000,6295.9,6295.91,11.04719359,12.65885188
2018-11-13T03:56:24.0000000,6295.9,6295.91,11.04719359,5.15885188
2018-11-13T03:56:24.0000000,6295.9,6295.91,10.04719359,5.15885188
2018-11-13T03:56:24.0000000,6295.9,6295.91,15.25519359,5.15885188
2018-11-13T03:56:24.0000000,6295.9,6295.91,15.25519359,6.15885188
2018-11-13T03:56:24.0000000,6295.9,6295.91,16.25519359,6.15885188
2018-11-13T03:56:24.0000000,6295.9,6295.91,16.25519359,5.15885188
2018-11-13T03:56:24.0000000,6295.9,6295.91,11.04719359,5.15885188
2018-11-13T03:56:24.0000000,6295.9,6295.91,11.04719359,12.65885188
2018-11-13T03:56:24.0000000,6295.9,6295.91,10.04719359,12.65885188
2018-11-13T03:56:24.0000000,6295.9,6295.91,10.04719359,5.15885188
2018-11-13T03:56:24.0000000,6295.9,6295.91,10.04719359,6.15885188
2018-11-13T03:56:24.0000000,6295.9,6295.91,10.04719359,13.65885188
2018-11-13T03:56:24.0000000,6295.9,6295.91,10.04719359,6.15885188
2018-11-13T03:56:24.0000000,6295.9,6295.91,11.04719359,6.15885188
2018-11-13T03:56:24.0000000,6295.9,6295.91,11.04719359,5.15885188
2018-11-13T03:56:24.0000000,6295.9,6295.91,10.04719359,5.15885188
2018-11-13T03:56:24.0000000,6295.9,6295.91,10.10719359,5.15885188
2018-11-13T03:56:24.0000000,6295.9,6295.91,11.10719359,5.15885188
2018-11-13T03:56:25.0000000,6295.9,6295.91,11.13719359,5.15885188
2018-11-13T03:56:25.0000000,6295.9,6295.91,11.19719359,5.15885188
2018-11-13T03:56:25.0000000,6295.9,6295.91,11.16719359,5.15885188
2018-11-13T03:56:25.0000000,6295.9,6295.91,11.10719359,5.15885188
2018-11-13T03:56:25.0000000,6295.9,6295.91,11.10719359,12.65885188
2018-11-13T03:56:25.0000000,6295.9,6295.91,11.10719359,5.15885188
2018-11-13T03:56:25.0000000,6295.9,6295.91,10.10719359,5.15885188
2018-11-13T03:56:25.0000000,6295.9,6295.91,15.31519359,5.15885188
2018-11-13T03:56:25.0000000,6295.9,6295.91,15.31519359,6.15885188
2018-11-13T03:56:25.0000000,6295.9,6295.91,16.31519359,6.15885188
2018-11-13T03:56:25.0000000,6295.9,6295.91,16.31519359,5.15885188
2018-11-13T03:56:25.0000000,6295.9,6295.91,16.25519359,5.15885188
2018-11-13T03:56:25.0000000,6295.9,6295.91,11.04719359,5.15885188
2018-11-13T03:56:25.0000000,6295.9,6295.91,11.04719359,12.65885188
2018-11-13T03:56:25.0000000,6295.9,6295.91,10.04719359,12.65885188
2018-11-13T03:56:25.0000000,6295.9,6295.91,10.04719359,5.15885188
2018-11-13T03:56:25.0000000,6295.9,6295.91,10.04719359,6.15885188
2018-11-13T03:56:25.0000000,6295.9,6295.91,15.25519359,6.15885188
2018-11-13T03:56:25.0000000,6295.9,6295.91,16.25519359,6.15885188
2018-11-13T03:56:25.0000000,6295.9,6295.91,16.25519359,5.15885188
2018-11-13T03:56:25.0000000,6295.9,6295.91,11.04719359,5.15885188
2018-11-13T03:56:25.0000000,6295.9,6295.91,11.04719359,12.65885188
2018-11-13T03:56:25.0000000,6295.9,6295.91,10.04719359,12.65885188
2018-11-13T03:56:25.0000000,6295.9,6295.91,10.04719359,13.65885188
2018-11-13T03:56:25.0000000,6295.9,6295.91,10.04719359,6.15885188
2018-11-13T03:56:25.0000000,6295.9,6295.91,8.04719359,6.15885188
2018-11-13T03:56:25.0000000,6295.9,6295.91,8.04719359,5.15885188
2018-11-13T03:56:25.0000000,6295.9,6295.91,9.04719359,5.15885188
2018-11-13T03:56:25.0000000,6295.9,6295.91,14.25519359,5.15885188
2018-11-13T03:56:25.0000000,6295.9,6295.91,9.04719359,5.15885188
2018-11-13T03:56:25.0000000,6295.9,6295.91,11.04719359,5.15885188
2018-11-13T03:56:25.0000000,6295.9,6295.91,11.04719359,12.65885188
2018-11-13T03:56:25.0000000,6295.9,6295.91,11.04719359,5.15885188
2018-11-13T03:56:25.0000000,6295.9,6295.91,10.04719359,5.15885188
2018-11-13T03:56:25.0000000,6295.9,6295.91,10.04719359,6.15885188
2018-11-13T03:56:25.0000000,6295.9,6295.91,11.04719359,6.15885188
2018-11-13T03:56:25.0000000,6295.9,6295.91,11.04719359,5.15885188
2018-11-13T03:56:25.0000000,6295.9,6295.91,11.04719359,12.65885188
2018-11-13T03:56:25.0000000,6295.9,6295.91,11.04719359,5.15885188
2018-11-13T03:56:25.0000000,6295.9,6295.91,11.04719359,12.65885188
2018-11-13T03:56:25.0000000,6295.9,6295.91,10.04719359,12.65885188
2018-11-13T03:56:25.0000000,6295.9,6295.91,10.04719359,5.15885188
2018-11-13T03:56:25.0000000,6295.9,6295.91,10.04719359,6.15885188
2018-11-13T03:56:25.0000000,6295.9,6295.91,10.04719359,13.65885188
2018-11-13T03:56:25.0000000,6295.9,6295.91,11.04719359,13.65885188
2018-11-13T03:56:25.0000000,6295.9,6295.91,11.04719359,6.15885188
2018-11-13T03:56:25.0000000,6295.9,6295.91,11.04719359,5.15885188
2018-11-13T03:56:25.0000000,6295.9,6295.91,16.25519359,5.15885188
2018-11-13T03:56:25.0000000,6295.9,6295.91,15.25519359,5.15885188
2018-11-13T03:56:25.0000000,6295.9,6295.91,10.04719359,5.15885188
2018-11-13T03:56:25.0000000,6295.9,6295.91,11.04719359,5.15885188
2018-11-13T03:56:25.0000000,6295.9,6295.91,16.25519359,5.15885188
2018-11-13T03:56:25.0000000,6295.9,6295.91,16.19519359,5.15885188
2018-11-13T03:56:25.0000000,6295.9,6295.91,10.98719359,5.15885188
2018-11-13T03:56:25.0000000,6295.9,6295.91,10.98719359,12.65885188
2018-11-13T03:56:25.0000000,6295.9,6295.91,9.98719359,12.65885188
2018-11-13T03:56:25.0000000,6295.9,6295.91,9.98719359,13.65885188
2018-11-13T03:56:25.0000000,6295.9,6295.91,9.98719359,6.15885188
2018-11-13T03:56:25.0000000,6295.9,6295.91,15.19519359,6.15885188
2018-11-13T03:56:25.0000000,6295.9,6295.91,15.19519359,5.15885188
2018-11-13T03:56:25.0000000,6295.9,6295.91,16.19519359,5.15885188
2018-11-13T03:56:25.0000000,6295.9,6295.91,10.98719359,5.15885188
2018-11-13T03:56:25.0000000,6295.9,6295.91,16.19519359,5.15885188
2018-11-13T03:56:25.0000000,6295.9,6295.91,10.98719359,5.15885188
2018-11-13T03:56:26.0000000,6295.9,6295.91,11.6225277,5.15885188
2018-11-13T03:56:26.0000000,6295.9,6295.91,11.6225277,12.65885188
2018-11-13T03:56:26.0000000,6295.9,6295.91,10.6225277,12.65885188
2018-11-13T03:56:26.0000000,6295.9,6295.91,10.6225277,5.15885188
2018-11-13T03:56:26.0000000,6295.9,6295.91,10.6225277,6.15885188
2018-11-13T03:56:26.0000000,6295.9,6295.91,15.8305277,6.15885188
2018-11-13T03:56:26.0000000,6295.9,6295.91,15.8305277,5.15885188
2018-11-13T03:56:26.0000000,6295.9,6295.91,16.8305277,5.15885188
2018-11-13T03:56:26.0000000,6295.9,6295.91,11.6225277,5.15885188
2018-11-13T03:56:26.0000000,6295.9,6295.91,11.6225277,12.65885188
2018-11-13T03:56:26.0000000,6295.9,6295.91,10.6225277,12.65885188
2018-11-13T03:56:26.0000000,6295.9,6295.91,10.6225277,13.65885188
2018-11-13T03:56:26.0000000,6295.9,6295.91,10.6225277,6.15885188
2018-11-13T03:56:26.0000000,6295.9,6295.91,9.98719359,6.15885188
2018-11-13T03:56:26.0000000,6295.9,6295.91,15.19519359,6.15885188
2018-11-13T03:56:26.0000000,6295.9,6295.91,15.19519359,5.15885188
2018-11-13T03:56:26.0000000,6295.9,6295.91,16.19519359,5.15885188
2018-11-13T03:56:26.0000000,6295.9,6295.91,16.8305277,5.15885188
2018-11-13T03:56:26.0000000,6295.9,6295.91,11.6225277,5.15885188
2018-11-13T03:56:26.0000000,6295.9,6295.91,11.6225277,12.65885188
2018-11-13T03:56:26.0000000,6295.9,6295.91,10.6225277,12.65885188
2018-11-13T03:56:26.0000000,6295.9,6295.91,9.98719359,12.65885188
2018-11-13T03:56:26.0000000,6295.9,6295.91,9.98719359,13.65885188
2018-11-13T03:56:26.0000000,6295.9,6295.91,9.98719359,6.15885188
2018-11-13T03:56:26.0000000,6295.9,6295.91,7.98719359,6.15885188
2018-11-13T03:56:26.0000000,6295.9,6295.91,13.19519359,6.15885188
2018-11-13T03:56:26.0000000,6295.9,6295.91,14.19519359,6.15885188
2018-11-13T03:56:26.0000000,6295.9,6295.91,14.19519359,5.15885188
2018-11-13T03:56:26.0000000,6295.9,6295.91,13.19519359,5.15885188
2018-11-13T03:56:26.0000000,6295.9,6295.91,13.8305277,5.15885188
2018-11-13T03:56:26.0000000,6295.9,6295.91,8.6225277,5.15885188
2018-11-13T03:56:26.0000000,6295.9,6295.91,8.6225277,12.65885188
2018-11-13T03:56:26.0000000,6295.9,6295.91,10.6225277,12.65885188
2018-11-13T03:56:26.0000000,6295.9,6295.91,9.98719359,12.65885188
2018-11-13T03:56:26.0000000,6295.9,6295.91,9.98719359,13.65885188
2018-11-13T03:56:26.0000000,6295.9,6295.91,9.98719359,6.15885188
2018-11-13T03:56:26.0000000,6295.9,6295.91,15.19519359,6.15885188
2018-11-13T03:56:26.0000000,6295.9,6295.91,15.19519359,5.15885188
2018-11-13T03:56:26.0000000,6295.9,6295.91,16.19519359,5.15885188
2018-11-13T03:56:26.0000000,6295.9,6295.91,16.8305277,5.15885188
2018-11-13T03:56:26.0000000,6295.9,6295.91,11.6225277,5.15885188
2018-11-13T03:56:26.0000000,6295.9,6295.91,11.6225277,12.65885188
2018-11-13T03:56:26.0000000,6295.9,6295.91,10.6225277,12.65885188
2018-11-13T03:56:26.0000000,6295.9,6295.91,9.98719359,12.65885188
2018-11-13T03:56:26.0000000,6295.9,6295.91,9.98719359,5.15885188
2018-11-13T03:56:26.0000000,6295.9,6295.91,9.98719359,6.15885188
2018-11-13T03:56:26.0000000,6295.9,6295.91,15.19519359,6.15885188
2018-11-13T03:56:26.0000000,6295.9,6295.91,16.19519359,6.15885188
2018-11-13T03:56:26.0000000,6295.9,6295.91,16.19519359,5.15885188
2018-11-13T03:56:26.0000000,6295.9,6295.91,16.8305277,5.15885188
2018-11-13T03:56:26.0000000,6295.9,6295.91,11.6225277,5.15885188
2018-11-13T03:56:26.0000000,6295.9,6295.91,11.6225277,12.65885188
2018-11-13T03:56:26.0000000,6295.9,6295.91,10.6225277,12.65885188
2018-11-13T03:56:26.0000000,6295.9,6295.91,9.98719359,12.65885188
2018-11-13T03:56:26.0000000,6295.9,6295.91,9.98719359,5.15885188
2018-11-13T03:56:26.0000000,6295.9,6295.91,9.98719359,6.15885188
2018-11-13T03:56:26.0000000,6295.9,6295.91,15.19519359,6.15885188
2018-11-13T03:56:26.0000000,6295.9,6295.91,16.19519359,6.15885188
2018-11-13T03:56:26.0000000,6295.9,6295.91,16.19519359,5.15885188
2018-11-13T03:56:26.0000000,6295.9,6295.91,10.98719359,5.15885188
2018-11-13T03:56:26.0000000,6295.9,6295.91,10.98719359,12.65885188
2018-11-13T03:56:27.0000000,6295.9,6295.91,9.98719359,12.65885188
2018-11-13T03:56:27.0000000,6295.9,6295.91,9.98719359,5.15885188
2018-11-13T03:56:27.0000000,6295.9,6295.91,15.19519359,5.15885188
2018-11-13T03:56:27.0000000,6295.9,6295.91,15.19519359,6.15885188
2018-11-13T03:56:27.0000000,6295.9,6295.91,16.19519359,6.15885188
2018-11-13T03:56:27.0000000,6295.9,6295.91,16.19519359,5.15885188
2018-11-13T03:56:27.0000000,6295.9,6295.91,10.98719359,5.15885188
2018-11-13T03:56:27.0000000,6295.9,6295.91,10.98719359,12.65885188
2018-11-13T03:56:27.0000000,6295.9,6295.91,9.98719359,12.65885188
2018-11-13T03:56:27.0000000,6295.9,6295.91,9.98719359,5.15885188
2018-11-13T03:56:27.0000000,6295.9,6295.91,9.98719359,6.15885188
2018-11-13T03:56:27.0000000,6295.9,6295.91,10.98719359,6.15885188
2018-11-13T03:56:27.0000000,6295.9,6295.91,10.98719359,5.15885188
2018-11-13T03:56:27.0000000,6295.9,6295.91,10.98719359,12.65885188
2018-11-13T03:56:27.0000000,6295.9,6295.91,9.98719359,12.65885188
2018-11-13T03:56:27.0000000,6295.9,6295.91,9.98719359,5.15885188
2018-11-13T03:56:27.0000000,6295.9,6295.91,15.19519359,5.15885188
2018-11-13T03:56:27.0000000,6295.9,6295.91,15.19519359,6.15885188
2018-11-13T03:56:27.0000000,6295.9,6295.91,16.19519359,6.15885188
2018-11-13T03:56:27.0000000,6295.9,6295.91,16.19519359,5.15885188
2018-11-13T03:56:27.0000000,6295.9,6295.91,10.98719359,5.15885188
2018-11-13T03:56:27.0000000,6295.9,6295.91,10.98719359,12.65885188
2018-11-13T03:56:27.0000000,6295.9,6295.91,9.98719359,12.65885188
2018-11-13T03:56:27.0000000,6295.9,6295.91,9.98719359,5.15885188
2018-11-13T03:56:27.0000000,6295.9,6295.91,9.98719359,6.15885188
2018-11-13T03:56:27.0000000,6295.9,6295.91,9.98719359,5.15885188
2018-11-13T03:56:27.0000000,6295.9,6295.91,9.98719359,12.65885188
2018-11-13T03:56:27.0000000,6295.9,6295.91,10.98719359,12.65885188
2018-11-13T03:56:27.0000000,6295.9,6295.91,10.98719359,5.15885188
2018-11-13T03:56:27.0000000,6295.9,6295.91,9.98719359,5.15885188
2018-11-13T03:56:27.0000000,6295.9,6295.91,9.98719359,6.15885188
2018-11-13T03:56:27.0000000,6295.9,6295.91,10.98719359,6.15885188
2018-11-13T03:56:27.0000000,6295.9,6295.91,10.98719359,5.15885188
2018-11-13T03:56:27.0000000,6295.9,6295.91,10.98719359,12.65885188
2018-11-13T03:56:27.0000000,6295.9,6295.91,9.98719359,12.65885188
2018-11-13T03:56:27.0000000,6295.9,6295.91,9.98719359,5.15885188
2018-11-13T03:56:27.0000000,6295.9,6295.91,9.98719359,6.15885188
2018-11-13T03:56:27.0000000,6295.9,6295.91,10.98719359,6.15885188
2018-11-13T03:56:27.0000000,6295.9,6295.91,10.98719359,13.65885188
2018-11-13T03:56:27.0000000,6295.9,6295.91,10.98719359,12.65885188
2018-11-13T03:56:27.0000000,6295.9,6295.91,10.98719359,5.15885188
2018-11-13T03:56:27.0000000,6295.9,6295.91,9.98719359,5.15885188
2018-11-13T03:56:27.0000000,6295.9,6295.91,9.98719359,6.15885188
2018-11-13T03:56:27.0000000,6295.9,6295.91,10.98719359,6.15885188
2018-11-13T03:56:27.0000000,6295.9,6295.91,10.98719359,5.15885188
2018-11-13T03:56:27.0000000,6295.9,6295.91,10.98719359,4.4573636
2018-11-13T03:56:27.0000000,6295.9,6295.91,10.98719359,11.9573636
2018-11-13T03:56:27.0000000,6295.9,6295.91,9.98719359,11.9573636
2018-11-13T03:56:27.0000000,6295.9,6295.91,9.98719359,12.9573636
2018-11-13T03:56:27.0000000,6295.9,6295.91,9.98719359,5.4573636
2018-11-13T03:56:27.0000000,6295.9,6295.91,7.98719359,5.4573636
2018-11-13T03:56:27.0000000,6295.9,6295.91,13.19519359,5.4573636
2018-11-13T03:56:27.0000000,6295.9,6295.91,13.19519359,4.4573636
2018-11-13T03:56:27.0000000,6295.9,6295.91,14.19519359,4.4573636
2018-11-13T03:56:27.0000000,6295.9,6295.91,8.98719359,4.4573636
2018-11-13T03:56:27.0000000,6295.9,6295.91,10.98719359,4.4573636
2018-11-13T03:56:27.0000000,6295.9,6295.91,9.98719359,4.4573636
2018-11-13T03:56:27.0000000,6295.9,6295.91,10.98719359,4.4573636
2018-11-13T03:56:27.0000000,6295.9,6295.91,10.98719359,11.9573636
2018-11-13T03:56:27.0000000,6295.9,6295.91,9.98719359,11.9573636
2018-11-13T03:56:27.0000000,6295.9,6295.91,9.98719359,12.9573636
2018-11-13T03:56:27.0000000,6295.9,6295.91,9.98719359,5.4573636
2018-11-13T03:56:27.0000000,6295.9,6295.91,15.19519359,5.4573636
2018-11-13T03:56:27.0000000,6295.9,6295.91,15.19519359,4.4573636
2018-11-13T03:56:27.0000000,6295.9,6295.91,16.19519359,4.4573636
2018-11-13T03:56:27.0000000,6295.9,6295.91,10.98719359,4.4573636
2018-11-13T03:56:27.0000000,6295.9,6295.91,10.98719359,11.9573636
2018-11-13T03:56:27.0000000,6295.9,6295.91,9.98719359,11.9573636
2018-11-13T03:56:27.0000000,6295.9,6295.91,9.98719359,12.9573636
2018-11-13T03:56:27.0000000,6295.9,6295.91,9.98719359,5.4573636
2018-11-13T03:56:27.0000000,6295.9,6295.91,15.19519359,5.4573636
2018-11-13T03:56:27.0000000,6295.9,6295.91,15.19519359,4.4573636
2018-11-13T03:56:27.0000000,6295.9,6295.91,16.19519359,4.4573636
2018-11-13T03:56:28.0000000,6295.9,6295.91,10.98719359,4.4573636
2018-11-13T03:56:28.0000000,6295.9,6295.91,10.98719359,11.9573636
2018-11-13T03:56:28.0000000,6295.9,6295.91,9.98719359,11.9573636
2018-11-13T03:56:28.0000000,6295.9,6295.91,9.98719359,12.9573636
2018-11-13T03:56:28.0000000,6295.9,6295.91,15.19519359,12.9573636
2018-11-13T03:56:28.0000000,6295.9,6295.91,9.98719359,12.9573636
2018-11-13T03:56:28.0000000,6295.9,6295.91,7.98719359,12.9573636
2018-11-13T03:56:28.0000000,6295.9,6295.91,7.98719359,11.9573636
2018-11-13T03:56:28.0000000,6295.9,6295.91,8.98719359,11.9573636
2018-11-13T03:56:28.0000000,6295.9,6295.91,6.48719359,11.9573636
2018-11-13T03:56:28.0000000,6295.9,6295.91,6.48719359,4.4573636
2018-11-13T03:56:28.0000000,6295.9,6295.91,5.48719359,4.4573636
2018-11-13T03:56:28.0000000,6295.9,6295.91,5.48719359,5.4573636
2018-11-13T03:56:28.0000000,6295.9,6295.91,10.69519359,5.4573636
2018-11-13T03:56:28.0000000,6295.9,6295.91,12.69519359,5.4573636
2018-11-13T03:56:28.0000000,6295.9,6295.91,15.19519359,5.4573636
2018-11-13T03:56:28.0000000,6295.9,6295.91,16.19519359,5.4573636
2018-11-13T03:56:28.0000000,6295.9,6295.91,16.19519359,4.4573636
2018-11-13T03:56:28.0000000,6295.9,6295.91,10.98719359,4.4573636
2018-11-13T03:56:28.0000000,6295.9,6295.91,10.98719359,11.9573636
2018-11-13T03:56:28.0000000,6295.9,6295.91,9.98719359,11.9573636
2018-11-13T03:56:28.0000000,6295.9,6295.91,9.98719359,12.9573636
2018-11-13T03:56:28.0000000,6295.9,6295.91,10.49719359,12.9573636
2018-11-13T03:56:28.0000000,6295.9,6295.91,10.49719359,5.4573636
2018-11-13T03:56:28.0000000,6295.9,6295.91,10.49719359,4.4573636
2018-11-13T03:56:28.0000000,6295.9,6295.91,15.70519359,4.4573636
2018-11-13T03:56:28.0000000,6295.9,6295.91,10.49719359,4.4573636
2018-11-13T03:56:28.0000000,6295.9,6295.91,11.49719359,4.4573636
2018-11-13T03:56:28.0000000,6295.9,6295.91,11.49719359,11.9573636
2018-11-13T03:56:28.0000000,6295.9,6295.91,10.49719359,11.9573636
2018-11-13T03:56:28.0000000,6295.9,6295.91,10.49719359,12.9573636
2018-11-13T03:56:28.0000000,6295.9,6295.91,10.49719359,5.4573636
2018-11-13T03:56:28.0000000,6295.9,6295.91,15.70519359,5.4573636
2018-11-13T03:56:28.0000000,6295.9,6295.91,15.70519359,4.4573636
2018-11-13T03:56:28.0000000,6295.9,6295.91,16.70519359,4.4573636
2018-11-13T03:56:28.0000000,6295.9,6295.91,11.49719359,4.4573636
2018-11-13T03:56:28.0000000,6295.9,6295.91,11.49719359,11.9573636
2018-11-13T03:56:28.0000000,6295.9,6295.91,10.49719359,11.9573636
2018-11-13T03:56:28.0000000,6295.9,6295.91,10.49719359,12.9573636
2018-11-13T03:56:28.0000000,6295.9,6295.91,10.49719359,5.4573636
2018-11-13T03:56:28.0000000,6295.9,6295.91,15.70519359,5.4573636
2018-11-13T03:56:28.0000000,6295.9,6295.91,16.70519359,5.4573636
2018-11-13T03:56:28.0000000,6295.9,6295.91,16.70519359,4.4573636
2018-11-13T03:56:28.0000000,6295.9,6295.91,11.49719359,4.4573636
2018-11-13T03:56:28.0000000,6295.9,6295.91,11.49719359,11.9573636
2018-11-13T03:56:28.0000000,6295.9,6295.91,10.49719359,11.9573636
2018-11-13T03:56:28.0000000,6295.9,6295.91,10.49719359,12.9573636
2018-11-13T03:56:28.0000000,6295.9,6295.91,10.49719359,5.4573636
2018-11-13T03:56:28.0000000,6295.9,6295.91,15.70519359,5.4573636
2018-11-13T03:56:28.0000000,6295.9,6295.91,16.70519359,5.4573636
2018-11-13T03:56:28.0000000,6295.9,6295.91,16.70519359,4.4573636
2018-11-13T03:56:28.0000000,6295.9,6295.91,11.49719359,4.4573636
2018-11-13T03:56:28.0000000,6295.9,6295.91,11.49719359,11.9573636
2018-11-13T03:56:28.0000000,6295.9,6295.91,10.49719359,11.9573636
2018-11-13T03:56:28.0000000,6295.9,6295.91,15.70519359,11.9573636
2018-11-13T03:56:28.0000000,6295.9,6295.91,10.49719359,11.9573636
2018-11-13T03:56:28.0000000,6295.9,6295.91,11.49719359,11.9573636
2018-11-13T03:56:28.0000000,6295.9,6295.91,11.49719359,12.9573636
2018-11-13T03:56:28.0000000,6295.9,6295.91,11.49719359,5.4573636
2018-11-13T03:56:28.0000000,6295.9,6295.91,10.49719359,5.4573636
2018-11-13T03:56:28.0000000,6295.9,6295.91,10.49719359,4.4573636
2018-11-13T03:56:28.0000000,6295.9,6295.91,11.49719359,4.4573636
2018-11-13T03:56:28.0000000,6295.9,6295.91,11.49719359,11.9573636
2018-11-13T03:56:28.0000000,6295.9,6295.91,10.49719359,11.9573636
2018-11-13T03:56:28.0000000,6295.9,6295.91,10.49719359,12.9573636
2018-11-13T03:56:29.0000000,6295.9,6295.91,10.49719359,5.4573636
2018-11-13T03:56:29.0000000,6295.9,6295.91,10.49719359,4.4573636
2018-11-13T03:56:29.0000000,6295.9,6295.91,15.70519359,4.4573636
2018-11-13T03:56:29.0000000,6295.9,6295.91,10.49719359,4.4573636
2018-11-13T03:56:29.0000000,6295.9,6295.91,11.49719359,4.4573636
2018-11-13T03:56:29.0000000,6295.9,6295.91,11.49719359,11.9573636
2018-11-13T03:56:29.0000000,6295.9,6295.91,10.49719359,11.9573636
2018-11-13T03:56:29.0000000,6295.9,6295.91,10.49719359,12.9573636
2018-11-13T03:56:29.0000000,6295.9,6295.91,10.49719359,5.4573636
2018-11-13T03:56:29.0000000,6295.9,6295.91,10.49719359,4.4573636
2018-11-13T03:56:29.0000000,6295.9,6295.91,11.49719359,4.4573636
2018-11-13T03:56:29.0000000,6295.9,6295.91,16.70519359,4.4573636
2018-11-13T03:56:29.0000000,6295.9,6295.91,11.49719359,4.4573636
2018-11-13T03:56:29.0000000,6295.9,6295.91,11.49719359,11.9573636
2018-11-13T03:56:29.0000000,6295.9,6295.91,10.98719359,11.9573636
2018-11-13T03:56:29.0000000,6295.9,6295.91,9.98719359,11.9573636
2018-11-13T03:56:29.0000000,6295.9,6295.91,9.98719359,12.9573636
2018-11-13T03:56:29.0000000,6295.9,6295.91,10.6225277,12.9573636
2018-11-13T03:56:29.0000000,6295.9,6295.91,9.98719359,12.9573636
2018-11-13T03:56:29.0000000,6295.9,6295.91,9.98719359,5.4573636
2018-11-13T03:56:29.0000000,6295.9,6295.91,7.98719359,5.4573636
2018-11-13T03:56:29.0000000,6295.9,6295.91,13.19519359,5.4573636
2018-11-13T03:56:29.0000000,6295.9,6295.91,14.19519359,5.4573636
2018-11-13T03:56:29.0000000,6295.9,6295.91,14.19519359,4.4573636
2018-11-13T03:56:29.0000000,6295.9,6295.91,14.8305277,4.4573636
2018-11-13T03:56:29.0000000,6295.9,6295.91,9.6225277,4.4573636
2018-11-13T03:56:29.0000000,6295.9,6295.91,11.6225277,4.4573636
2018-11-13T03:56:29.0000000,6295.9,6295.91,11.6225277,11.9573636
2018-11-13T03:56:29.0000000,6295.9,6295.91,10.6225277,11.9573636
2018-11-13T03:56:29.0000000,6295.9,6295.91,9.98719359,11.9573636
2018-11-13T03:56:29.0000000,6295.9,6295.91,10.98719359,11.9573636
2018-11-13T03:56:29.0000000,6295.9,6295.91,11.6225277,11.9573636
2018-11-13T03:56:29.0000000,6295.9,6295.91,11.6225277,12.9573636
2018-11-13T03:56:29.0000000,6295.9,6295.91,10.98719359,12.9573636
2018-11-13T03:56:29.0000000,6295.9,6295.91,9.98719359,12.9573636
2018-11-13T03:56:29.0000000,6295.9,6295.91,9.98719359,5.4573636
2018-11-13T03:56:29.0000000,6295.9,6295.91,9.98719359,4.4573636
2018-11-13T03:56:29.0000000,6295.9,6295.91,15.19519359,4.4573636
2018-11-13T03:56:29.0000000,6295.9,6295.91,16.19519359,4.4573636
2018-11-13T03:56:29.0000000,6295.9,6295.91,10.98719359,4.4573636
2018-11-13T03:56:29.0000000,6295.9,6295.91,10.98719359,11.9573636
2018-11-13T03:56:29.0000000,6295.9,6295.91,9.98719359,11.9573636
2018-11-13T03:56:29.0000000,6295.9,6295.91,9.98719359,12.9573636
2018-11-13T03:56:29.0000000,6295.9,6295.91,9.98719359,5.4573636
2018-11-13T03:56:29.0000000,6295.9,6295.91,15.19519359,5.4573636
2018-11-13T03:56:29.0000000,6295.9,6295.91,15.19519359,4.4573636
2018-11-13T03:56:29.0000000,6295.9,6295.91,16.19519359,4.4573636
2018-11-13T03:56:29.0000000,6295.9,6295.91,10.98719359,4.4573636
2018-11-13T03:56:29.0000000,6295.9,6295.91,10.98719359,11.9573636
2018-11-13T03:56:29.0000000,6295.9,6295.91,9.98719359,11.9573636
2018-11-13T03:56:29.0000000,6295.9,6295.91,9.98719359,12.9573636
2018-11-13T03:56:29.0000000,6295.9,6295.91,9.98719359,5.4573636
2018-11-13T03:56:29.0000000,6295.9,6295.91,10.98719359,5.4573636
2018-11-13T03:56:29.0000000,6295.9,6295.91,10.98719359,4.4573636
2018-11-13T03:56:29.0000000,6295.9,6295.91,10.98719359,11.9573636
2018-11-13T03:56:29.0000000,6295.9,6295.91,9.98719359,11.9573636
2018-11-13T03:56:29.0000000,6295.9,6295.91,9.98719359,12.9573636
2018-11-13T03:56:29.0000000,6295.9,6295.91,9.98719359,5.4573636
2018-11-13T03:56:29.0000000,6295.9,6295.91,10.49719359,5.4573636
2018-11-13T03:56:29.0000000,6295.9,6295.91,10.49719359,4.4573636
2018-11-13T03:56:29.0000000,6295.9,6295.91,11.49719359,4.4573636
2018-11-13T03:56:29.0000000,6295.9,6295.91,10.98719359,4.4573636
2018-11-13T03:56:29.0000000,6295.9,6295.91,11.49719359,4.4573636
2018-11-13T03:56:29.0000000,6295.9,6295.91,11.49719359,4.44216618
11/13/2018 3:56:29,6295.9,6295.91,11.49719359,4.44216618,7319926948,11/13/2018 3:56:29,sell,0.01519742,6295.91000000
2018-11-13T03:56:29.0000000,6295.9,6295.91,11.49719359,4.44216618
2018-11-13T03:56:30.0000000,6295.9,6295.91,12.1325277,4.44216618
2018-11-13T03:56:30.0000000,6295.9,6295.91,11.6225277,4.44216618
2018-11-13T03:56:30.0000000,6295.9,6295.91,12.1325277,4.44216618
2018-11-13T03:56:31.0000000,6295.9,6295.91,12.1325277,11.94216618
2018-11-13T03:56:31.0000000,6295.9,6295.91,11.1325277,11.94216618
2018-11-13T03:56:31.0000000,6295.9,6295.91,10.49719359,11.94216618
2018-11-13T03:56:31.0000000,6295.9,6295.91,10.49719359,12.94216618
2018-11-13T03:56:31.0000000,6295.9,6295.91,9.98719359,12.94216618
2018-11-13T03:56:31.0000000,6295.9,6295.91,9.98719359,5.44216618
2018-11-13T03:56:31.0000000,6295.9,6295.91,7.98719359,5.44216618
2018-11-13T03:56:31.0000000,6295.9,6295.91,13.19519359,5.44216618
2018-11-13T03:56:31.0000000,6295.9,6295.91,13.19519359,4.44216618
2018-11-13T03:56:31.0000000,6295.9,6295.91,14.19519359,4.44216618
2018-11-13T03:56:31.0000000,6295.9,6295.91,8.98719359,4.44216618
2018-11-13T03:56:31.0000000,6295.9,6295.91,8.98719359,11.94216618
2018-11-13T03:56:31.0000000,6295.9,6295.91,8.98719359,12.94216618
2018-11-13T03:56:31.0000000,6295.9,6295.91,7.98719359,12.94216618
2018-11-13T03:56:31.0000000,6295.9,6295.91,7.98719359,5.44216618
2018-11-13T03:56:31.0000000,6295.9,6295.91,13.19519359,5.44216618
2018-11-13T03:56:31.0000000,6295.9,6295.91,13.19519359,4.44216618
2018-11-13T03:56:31.0000000,6295.9,6295.91,14.19519359,4.44216618
2018-11-13T03:56:31.0000000,6295.9,6295.91,8.98719359,4.44216618
2018-11-13T03:56:31.0000000,6295.9,6295.91,10.98719359,4.44216618
2018-11-13T03:56:31.0000000,6295.9,6295.91,10.98719359,11.94216618
2018-11-13T03:56:31.0000000,6295.9,6295.91,9.98719359,11.94216618
2018-11-13T03:56:31.0000000,6295.9,6295.91,9.98719359,12.94216618
2018-11-13T03:56:31.0000000,6295.9,6295.91,9.98719359,5.44216618
2018-11-13T03:56:31.0000000,6295.9,6295.91,15.19519359,5.44216618
2018-11-13T03:56:31.0000000,6295.9,6295.91,16.19519359,5.44216618
2018-11-13T03:56:31.0000000,6295.9,6295.91,16.19519359,4.44216618
2018-11-13T03:56:31.0000000,6295.9,6295.91,10.98719359,4.44216618
2018-11-13T03:56:31.0000000,6295.9,6295.91,10.98719359,11.94216618
2018-11-13T03:56:31.0000000,6295.9,6295.91,9.98719359,11.94216618
2018-11-13T03:56:31.0000000,6295.9,6295.91,15.19519359,11.94216618
2018-11-13T03:56:31.0000000,6295.9,6295.91,9.98719359,11.94216618
2018-11-13T03:56:31.0000000,6295.9,6295.91,7.98719359,11.94216618
2018-11-13T03:56:31.0000000,6295.9,6295.91,7.98719359,4.44216618
2018-11-13T03:56:31.0000000,6295.9,6295.91,13.19519359,4.44216618
2018-11-13T03:56:31.0000000,6295.9,6295.91,15.19519359,4.44216618
2018-11-13T03:56:31.0000000,6295.9,6295.91,9.98719359,4.44216618
2018-11-13T03:56:31.0000000,6295.9,6295.91,9.98719359,11.94216618
2018-11-13T03:56:31.0000000,6295.9,6295.91,9.98719359,4.44216618
2018-11-13T03:56:31.0000000,6295.9,6295.91,9.98719359,5.44216618
2018-11-13T03:56:31.0000000,6295.9,6295.91,15.19519359,5.44216618
2018-11-13T03:56:31.0000000,6295.9,6295.91,16.19519359,5.44216618
2018-11-13T03:56:31.0000000,6295.9,6295.91,16.19519359,4.44216618
2018-11-13T03:56:31.0000000,6295.9,6295.91,15.19519359,4.44216618
2018-11-13T03:56:31.0000000,6295.9,6295.91,9.98719359,4.44216618
2018-11-13T03:56:31.0000000,6295.9,6295.91,9.98719359,11.94216618
2018-11-13T03:56:31.0000000,6295.9,6295.91,9.98719359,4.44216618
2018-11-13T03:56:31.0000000,6295.9,6295.91,15.19519359,4.44216618
2018-11-13T03:56:31.0000000,6295.9,6295.91,15.19519359,5.44216618
2018-11-13T03:56:31.0000000,6295.9,6295.91,16.19519359,5.44216618
2018-11-13T03:56:31.0000000,6295.9,6295.91,16.19519359,4.44216618
2018-11-13T03:56:31.0000000,6295.9,6295.91,10.98719359,4.44216618
2018-11-13T03:56:31.0000000,6295.9,6295.91,10.98719359,11.94216618
2018-11-13T03:56:31.0000000,6295.9,6295.91,9.98719359,11.94216618
2018-11-13T03:56:31.0000000,6295.9,6295.91,9.98719359,4.44216618
2018-11-13T03:56:31.0000000,6295.9,6295.91,15.19519359,4.44216618
2018-11-13T03:56:31.0000000,6295.9,6295.91,15.19519359,5.44216618
2018-11-13T03:56:31.0000000,6295.9,6295.91,15.19519359,4.44216618
2018-11-13T03:56:31.0000000,6295.9,6295.91,16.19519359,4.44216618
2018-11-13T03:56:31.0000000,6295.9,6295.91,10.98719359,4.44216618
2018-11-13T03:56:32.0000000,6295.9,6295.91,11.04719359,4.44216618
2018-11-13T03:56:32.0000000,6295.9,6295.91,11.04719359,11.94216618
2018-11-13T03:56:32.0000000,6295.9,6295.91,10.04719359,11.94216618
2018-11-13T03:56:32.0000000,6295.9,6295.91,10.04719359,12.94216618
2018-11-13T03:56:32.0000000,6295.9,6295.91,10.04719359,5.44216618
2018-11-13T03:56:32.0000000,6295.9,6295.91,10.04719359,4.44216618
2018-11-13T03:56:32.0000000,6295.9,6295.91,11.04719359,4.44216618
2018-11-13T03:56:32.0000000,6295.9,6295.91,11.04719359,11.94216618
2018-11-13T03:56:32.0000000,6295.9,6295.91,11.04719359,12.94216618
2018-11-13T03:56:32.0000000,6295.9,6295.91,10.04719359,12.94216618
2018-11-13T03:56:32.0000000,6295.9,6295.91,10.04719359,5.44216618
2018-11-13T03:56:32.0000000,6295.9,6295.91,10.04719359,4.44216618
2018-11-13T03:56:32.0000000,6295.9,6295.91,11.04719359,4.44216618
2018-11-13T03:56:32.0000000,6295.9,6295.91,11.04719359,11.94216618
2018-11-13T03:56:32.0000000,6295.9,6295.91,10.04719359,11.94216618
2018-11-13T03:56:32.0000000,6295.9,6295.91,10.04719359,12.94216618
2018-11-13T03:56:32.0000000,6295.9,6295.91,10.04719359,5.44216618
2018-11-13T03:56:32.0000000,6295.9,6295.91,15.25519359,5.44216618
2018-11-13T03:56:32.0000000,6295.9,6295.91,15.25519359,4.44216618
2018-11-13T03:56:32.0000000,6295.9,6295.91,16.25519359,4.44216618
2018-11-13T03:56:32.0000000,6295.9,6295.91,11.04719359,4.44216618
2018-11-13T03:56:32.0000000,6295.9,6295.91,11.04719359,11.94216618
2018-11-13T03:56:32.0000000,6295.9,6295.91,10.04719359,11.94216618
2018-11-13T03:56:32.0000000,6295.9,6295.91,10.04719359,12.94216618
2018-11-13T03:56:32.0000000,6295.9,6295.91,10.04719359,5.44216618
2018-11-13T03:56:32.0000000,6295.9,6295.91,10.04719359,12.94216618
2018-11-13T03:56:32.0000000,6295.9,6295.91,11.04719359,12.94216618
2018-11-13T03:56:32.0000000,6295.9,6295.91,11.04719359,11.94216618
2018-11-13T03:56:32.0000000,6295.9,6295.91,11.04719359,4.44216618
2018-11-13T03:56:32.0000000,6295.9,6295.91,10.04719359,4.44216618
2018-11-13T03:56:32.0000000,6295.9,6295.91,15.25519359,4.44216618
2018-11-13T03:56:32.0000000,6295.9,6295.91,10.04719359,4.44216618
2018-11-13T03:56:32.0000000,6295.9,6295.91,8.04719359,4.44216618
2018-11-13T03:56:32.0000000,6295.9,6295.91,9.04719359,4.44216618
2018-11-13T03:56:32.0000000,6295.9,6295.91,9.04719359,5.44216618
2018-11-13T03:56:32.0000000,6295.9,6295.91,8.04719359,5.44216618
2018-11-13T03:56:32.0000000,6295.9,6295.91,8.04719359,4.44216618
2018-11-13T03:56:32.0000000,6295.9,6295.91,8.55719359,4.44216618
2018-11-13T03:56:32.0000000,6295.9,6295.91,8.55719359,11.94216618
2018-11-13T03:56:32.0000000,6295.9,6295.91,8.55719359,4.44216618
2018-11-13T03:56:32.0000000,6295.9,6295.91,9.55719359,4.44216618
2018-11-13T03:56:32.0000000,6295.9,6295.91,11.55719359,4.44216618
2018-11-13T03:56:32.0000000,6295.9,6295.91,11.55719359,11.94216618
2018-11-13T03:56:32.0000000,6295.9,6295.91,11.55719359,12.94216618
2018-11-13T03:56:32.0000000,6295.9,6295.91,10.55719359,12.94216618
2018-11-13T03:56:33.0000000,6295.9,6295.91,10.55719359,5.44216618
2018-11-13T03:56:33.0000000,6295.9,6295.91,15.76519359,5.44216618
2018-11-13T03:56:33.0000000,6295.9,6295.91,10.55719359,5.44216618
2018-11-13T03:56:33.0000000,6295.9,6295.91,10.55719359,4.44216618
2018-11-13T03:56:33.0000000,6295.9,6295.91,11.55719359,4.44216618
2018-11-13T03:56:33.0000000,6295.9,6295.91,11.55719359,11.94216618
2018-11-13T03:56:33.0000000,6295.9,6295.91,10.55719359,11.94216618
2018-11-13T03:56:33.0000000,6295.9,6295.91,10.55719359,12.94216618
2018-11-13T03:56:33.0000000,6295.9,6295.91,10.55719359,5.44216618
2018-11-13T03:56:33.0000000,6295.9,6295.91,10.55719359,12.94216618
2018-11-13T03:56:33.0000000,6295.9,6295.91,10.55719359,11.94216618
2018-11-13T03:56:33.0000000,6295.9,6295.91,11.55719359,11.94216618
2018-11-13T03:56:33.0000000,6295.9,6295.91,11.55719359,4.44216618
2018-11-13T03:56:33.0000000,6295.9,6295.91,10.55719359,4.44216618
2018-11-13T03:56:33.0000000,6295.9,6295.91,10.55719359,5.44216618
2018-11-13T03:56:33.0000000,6295.9,6295.91,15.76519359,5.44216618
2018-11-13T03:56:33.0000000,6295.9,6295.91,15.76519359,4.44216618
2018-11-13T03:56:33.0000000,6295.9,6295.91,16.76519359,4.44216618
2018-11-13T03:56:33.0000000,6295.9,6295.91,11.55719359,4.44216618
2018-11-13T03:56:33.0000000,6295.9,6295.91,11.55719359,11.94216618
2018-11-13T03:56:33.0000000,6295.9,6295.91,10.55719359,11.94216618
2018-11-13T03:56:33.0000000,6295.9,6295.91,10.55719359,12.94216618
2018-11-13T03:56:33.0000000,6295.9,6295.91,10.55719359,5.44216618
2018-11-13T03:56:33.0000000,6295.9,6295.91,15.76519359,5.44216618
2018-11-13T03:56:33.0000000,6295.9,6295.91,16.76519359,5.44216618
2018-11-13T03:56:33.0000000,6295.9,6295.91,16.76519359,4.44216618
2018-11-13T03:56:33.0000000,6295.9,6295.91,11.55719359,4.44216618
2018-11-13T03:56:33.0000000,6295.9,6295.91,11.55719359,11.94216618
2018-11-13T03:56:33.0000000,6295.9,6295.91,10.55719359,11.94216618
2018-11-13T03:56:33.0000000,6295.9,6295.91,10.55719359,4.44216618
2018-11-13T03:56:33.0000000,6295.9,6295.91,10.55719359,5.44216618
2018-11-13T03:56:33.0000000,6295.9,6295.91,11.55719359,5.44216618
2018-11-13T03:56:33.0000000,6295.9,6295.91,11.55719359,4.44216618
2018-11-13T03:56:33.0000000,6295.9,6295.91,11.04719359,4.44216618
2018-11-13T03:56:33.0000000,6295.9,6295.91,11.6825277,4.44216618
2018-11-13T03:56:34.0000000,6295.9,6295.91,11.6825277,4.39657234
11/13/2018 3:56:34,6295.9,6295.91,11.6825277,4.39657234,7319927391,11/13/2018 3:56:34,sell,0.04559384,6295.91000000
2018-11-13T03:56:34.0000000,6295.9,6295.91,11.6825277,4.39657234
2018-11-13T03:56:34.0000000,6295.9,6295.91,11.6825277,11.89657234
2018-11-13T03:56:34.0000000,6295.9,6295.91,10.6825277,11.89657234
2018-11-13T03:56:34.0000000,6295.9,6295.91,10.6825277,12.89657234
2018-11-13T03:56:34.0000000,6295.9,6295.91,10.04719359,12.89657234
2018-11-13T03:56:34.0000000,6295.9,6295.91,10.04719359,12.89214555
11/13/2018 3:56:34,6295.9,6295.91,10.04719359,12.89214555,7319927430,11/13/2018 3:56:34,sell,0.00442679,6295.91000000
2018-11-13T03:56:34.0000000,6295.9,6295.91,10.04719359,12.89214555
2018-11-13T03:56:34.0000000,6295.9,6295.91,10.04719359,5.39214555
2018-11-13T03:56:34.0000000,6295.9,6295.91,15.25519359,5.39214555
2018-11-13T03:56:34.0000000,6295.9,6295.91,15.25519359,4.39214555
2018-11-13T03:56:34.0000000,6295.9,6295.91,10.04719359,4.39214555
2018-11-13T03:56:34.0000000,6295.9,6295.91,11.04719359,4.39214555
2018-11-13T03:56:34.0000000,6295.9,6295.91,11.04719359,11.89214555
2018-11-13T03:56:34.0000000,6295.9,6295.91,10.04719359,11.89214555
2018-11-13T03:56:34.0000000,6295.9,6295.91,10.04719359,12.89214555
2018-11-13T03:56:35.0000000,6295.9,6295.91,10.04719359,5.39214555
2018-11-13T03:56:35.0000000,6295.9,6295.91,15.25519359,5.39214555
2018-11-13T03:56:35.0000000,6295.9,6295.91,15.25519359,4.39214555
2018-11-13T03:56:35.0000000,6295.9,6295.91,16.25519359,4.39214555
2018-11-13T03:56:35.0000000,6295.9,6295.91,11.04719359,4.39214555
2018-11-13T03:56:35.0000000,6295.9,6295.91,11.04719359,11.89214555
2018-11-13T03:56:35.0000000,6295.9,6295.91,10.04719359,11.89214555
2018-11-13T03:56:35.0000000,6295.9,6295.91,10.04719359,12.89214555
2018-11-13T03:56:35.0000000,6295.9,6295.91,10.04719359,5.39214555
2018-11-13T03:56:35.0000000,6295.9,6295.91,8.04719359,5.39214555
2018-11-13T03:56:35.0000000,6295.9,6295.91,13.25519359,5.39214555
2018-11-13T03:56:35.0000000,6295.9,6295.91,13.25519359,4.39214555
2018-11-13T03:56:35.0000000,6295.9,6295.91,14.25519359,4.39214555
2018-11-13T03:56:35.0000000,6295.9,6295.91,9.04719359,4.39214555
2018-11-13T03:56:35.0000000,6295.9,6295.91,11.04719359,4.39214555
2018-11-13T03:56:35.0000000,6295.9,6295.91,11.04719359,11.89214555
2018-11-13T03:56:35.0000000,6295.9,6295.91,11.04719359,12.89214555
2018-11-13T03:56:35.0000000,6295.9,6295.91,10.04719359,12.89214555
2018-11-13T03:56:35.0000000,6295.9,6295.91,10.04719359,5.39214555
2018-11-13T03:56:35.0000000,6295.9,6295.91,10.04719359,4.39214555
2018-11-13T03:56:35.0000000,6295.9,6295.91,15.25519359,4.39214555
2018-11-13T03:56:35.0000000,6295.9,6295.91,16.25519359,4.39214555
2018-11-13T03:56:35.0000000,6295.9,6295.91,11.04719359,4.39214555
2018-11-13T03:56:35.0000000,6295.9,6295.91,11.04719359,11.89214555
2018-11-13T03:56:35.0000000,6295.9,6295.91,10.04719359,11.89214555
2018-11-13T03:56:35.0000000,6295.9,6295.91,10.04719359,12.89214555
2018-11-13T03:56:35.0000000,6295.9,6295.91,10.04719359,5.39214555
2018-11-13T03:56:35.0000000,6295.9,6295.91,15.25519359,5.39214555
2018-11-13T03:56:35.0000000,6295.9,6295.91,10.04719359,5.39214555
2018-11-13T03:56:35.0000000,6295.9,6295.91,10.04719359,4.39214555
2018-11-13T03:56:35.0000000,6295.9,6295.91,11.04719359,4.39214555
2018-11-13T03:56:35.0000000,6295.9,6295.91,11.04719359,11.89214555
2018-11-13T03:56:35.0000000,6295.9,6295.91,10.04719359,11.89214555
2018-11-13T03:56:35.0000000,6295.9,6295.91,10.04719359,12.89214555
2018-11-13T03:56:35.0000000,6295.9,6295.91,10.04719359,5.39214555
2018-11-13T03:56:35.0000000,6295.9,6295.91,10.04719359,4.39214555
2018-11-13T03:56:35.0000000,6295.9,6295.91,11.04719359,4.39214555
2018-11-13T03:56:35.0000000,6295.9,6295.91,19.14181261,4.39214555
2018-11-13T03:56:35.0000000,6295.9,6295.91,19.14181261,4.3625109
11/13/2018 3:56:35,6295.9,6295.91,19.14181261,4.3625109,7319927603,11/13/2018 3:56:35,sell,0.02963465,6295.91000000
2018-11-13T03:56:35.0000000,6295.9,6295.91,19.14181261,4.3625109
2018-11-13T03:56:36.0000000,6295.9,6295.91,19.77714672,4.3625109
2018-11-13T03:56:36.0000000,6295.9,6295.91,19.77714672,11.8625109
2018-11-13T03:56:37.0000000,6295.9,6295.91,19.14181261,11.8625109
2018-11-13T03:56:37.0000000,6295.9,6295.91,19.08181261,11.8625109
2018-11-13T03:56:39.0000000,6295.9,6295.91,19.08181261,4.3625109
2018-11-13T03:56:39.0000000,6295.9,6295.91,24.28981261,4.3625109
2018-11-13T03:56:39.0000000,6295.9,6295.91,19.08181261,4.3625109
2018-11-13T03:56:39.0000000,6295.9,6295.91,19.08181261,11.8625109
2018-11-13T03:56:40.0000000,6295.9,6295.91,19.08181261,4.3625109
2018-11-13T03:56:40.0000000,6295.9,6295.91,24.28981261,4.3625109
2018-11-13T03:56:40.0000000,6295.9,6295.91,19.08181261,4.3625109
2018-11-13T03:56:40.0000000,6295.9,6295.91,19.08181261,11.8625109
2018-11-13T03:56:40.0000000,6295.9,6295.91,19.59181261,11.8625109
2018-11-13T03:56:41.0000000,6295.9,6295.91,19.08181261,11.8625109
2018-11-13T03:56:41.0000000,6295.9,6295.91,19.08181261,4.3625109
2018-11-13T03:56:41.0000000,6295.9,6295.91,24.28981261,4.3625109
2018-11-13T03:56:41.0000000,6295.9,6295.91,19.08181261,4.3625109
2018-11-13T03:56:41.0000000,6295.9,6295.91,19.08181261,11.8625109
2018-11-13T03:56:41.0000000,6295.9,6295.91,19.59181261,11.8625109
2018-11-13T03:56:41.0000000,6295.9,6295.91,19.08181261,11.8625109
2018-11-13T03:56:42.0000000,6295.9,6295.91,19.08181261,4.3625109
2018-11-13T03:56:42.0000000,6295.9,6295.91,24.28981261,4.3625109
2018-11-13T03:56:42.0000000,6295.9,6295.91,19.08181261,4.3625109
2018-11-13T03:56:42.0000000,6295.9,6295.91,19.08181261,11.8625109
2018-11-13T03:56:42.0000000,6295.9,6295.91,19.08181261,4.3625109
2018-11-13T03:56:42.0000000,6295.9,6295.91,24.28981261,4.3625109
2018-11-13T03:56:42.0000000,6295.9,6295.91,19.08181261,4.3625109
2018-11-13T03:56:42.0000000,6295.9,6295.91,19.08181261,11.8625109
2018-11-13T03:56:42.0000000,6295.9,6295.91,19.59181261,11.8625109
2018-11-13T03:56:42.0000000,6295.9,6295.91,19.08181261,11.8625109
2018-11-13T03:56:42.0000000,6295.9,6295.91,19.08181261,4.3625109
2018-11-13T03:56:42.0000000,6295.9,6295.91,24.28981261,4.3625109
2018-11-13T03:56:42.0000000,6295.9,6295.91,19.08181261,4.3625109
2018-11-13T03:56:42.0000000,6295.9,6295.91,19.59181261,4.3625109
2018-11-13T03:56:42.0000000,6295.9,6295.91,19.59181261,11.8625109
2018-11-13T03:56:43.0000000,6295.9,6295.91,19.59181261,11.85958552
11/13/2018 3:56:43,6295.9,6295.91,19.59181261,11.85958552,7319927781,11/13/2018 3:56:43,sell,0.00292538,6295.91000000
2018-11-13T03:56:43.0000000,6295.9,6295.91,19.59181261,11.85958552
2018-11-13T03:56:43.0000000,6295.9,6295.91,24.79981261,11.85958552
2018-11-13T03:56:43.0000000,6295.9,6295.91,19.59181261,11.85958552
2018-11-13T03:56:43.0000000,6295.9,6295.91,19.59181261,4.35958552
2018-11-13T03:56:43.0000000,6295.9,6295.91,24.79981261,4.35958552
2018-11-13T03:56:43.0000000,6295.9,6295.91,19.59181261,4.35958552
2018-11-13T03:56:43.0000000,6295.9,6295.91,19.59181261,11.85958552
2018-11-13T03:56:44.0000000,6295.9,6295.91,19.59181261,4.35958552
2018-11-13T03:56:44.0000000,6295.9,6295.91,24.79981261,4.35958552
2018-11-13T03:56:44.0000000,6295.9,6295.91,19.59181261,4.35958552
2018-11-13T03:56:44.0000000,6295.9,6295.91,19.08181261,4.35958552
2018-11-13T03:56:44.0000000,6295.9,6295.91,19.08181261,11.85958552
2018-11-13T03:56:44.0000000,6295.9,6295.91,19.08181261,4.35958552
2018-11-13T03:56:44.0000000,6295.9,6295.91,24.28981261,4.35958552
2018-11-13T03:56:44.0000000,6295.9,6295.91,24.79981261,4.35958552
2018-11-13T03:56:44.0000000,6295.9,6295.91,24.79981261,11.85958552
2018-11-13T03:56:44.0000000,6295.9,6295.91,19.59181261,11.85958552
2018-11-13T03:56:45.0000000,6295.9,6295.91,19.59181261,4.35958552
2018-11-13T03:56:45.0000000,6295.9,6295.91,24.79981261,4.35958552
2018-11-13T03:56:45.0000000,6295.9,6295.91,19.59181261,4.35958552
2018-11-13T03:56:45.0000000,6295.9,6295.91,19.59181261,11.85958552
2018-11-13T03:56:45.0000000,6295.9,6295.91,19.59181261,4.35958552
2018-11-13T03:56:45.0000000,6295.9,6295.91,24.79981261,4.35958552
2018-11-13T03:56:45.0000000,6295.9,6295.91,19.59181261,4.35958552
2018-11-13T03:56:45.0000000,6295.9,6295.91,19.65181261,4.35958552
2018-11-13T03:56:45.0000000,6295.9,6295.91,19.65181261,11.85958552
2018-11-13T03:56:45.0000000,6295.9,6295.91,19.65181261,4.35958552
2018-11-13T03:56:45.0000000,6295.9,6295.91,24.85981261,4.35958552
2018-11-13T03:56:45.0000000,6295.9,6295.91,19.65181261,4.35958552
2018-11-13T03:56:45.0000000,6295.9,6295.91,19.65181261,11.85958552
2018-11-13T03:56:45.0000000,6295.9,6295.91,19.65181261,4.35958552
2018-11-13T03:56:45.0000000,6295.9,6295.91,19.65181261,11.85958552
2018-11-13T03:56:45.0000000,6295.9,6295.91,19.65181261,4.35958552
2018-11-13T03:56:45.0000000,6295.9,6295.91,24.85981261,4.35958552
2018-11-13T03:56:45.0000000,6295.9,6295.91,19.65181261,4.35958552
2018-11-13T03:56:45.0000000,6295.9,6295.91,19.65181261,11.85958552
2018-11-13T03:56:47.0000000,6295.9,6295.91,19.65181261,11.81670844
11/13/2018 3:56:47,6295.9,6295.91,19.65181261,11.81670844,7319927918,11/13/2018 3:56:47,sell,0.04287708,6295.91000000
2018-11-13T03:56:47.0000000,6295.9,6295.91,19.65181261,11.81670844
2018-11-13T03:56:47.0000000,6295.9,6295.91,19.65181261,4.31670844
2018-11-13T03:56:47.0000000,6295.9,6295.91,24.85981261,4.31670844
2018-11-13T03:56:47.0000000,6295.9,6295.91,19.65181261,4.31670844
2018-11-13T03:56:47.0000000,6295.9,6295.91,19.65181261,11.81670844
2018-11-13T03:56:47.0000000,6295.9,6295.91,19.14181261,11.81670844
2018-11-13T03:56:47.0000000,6295.9,6295.91,19.65181261,11.81670844
2018-11-13T03:56:48.0000000,6295.9,6295.91,19.59181261,11.81670844
2018-11-13T03:56:48.0000000,6295.9,6295.91,19.59181261,11.76801838
11/13/2018 3:56:48,6295.9,6295.91,19.59181261,11.76801838,7319927953,11/13/2018 3:56:48,sell,0.04869006,6295.91000000
2018-11-13T03:56:48.0000000,6295.9,6295.91,19.59181261,11.76801838
2018-11-13T03:56:49.0000000,6295.9,6295.91,17.09181261,11.76801838
2018-11-13T03:56:49.0000000,6295.9,6295.91,16.09181261,11.76801838
2018-11-13T03:56:49.0000000,6295.9,6295.91,16.09181261,12.76801838
2018-11-13T03:56:49.0000000,6295.9,6295.91,18.59181261,12.76801838
2018-11-13T03:56:49.0000000,6295.9,6295.91,18.59181261,11.76801838
2018-11-13T03:56:49.0000000,6295.9,6295.91,19.59181261,11.76801838
2018-11-13T03:56:49.0000000,6295.9,6295.91,19.08181261,11.76801838
2018-11-13T03:56:51.0000000,6295.9,6295.91,18.08181261,11.76801838
2018-11-13T03:56:51.0000000,6295.9,6295.91,18.08181261,12.76801838
2018-11-13T03:56:51.0000000,6295.9,6295.91,18.08181261,11.76801838
2018-11-13T03:56:51.0000000,6295.9,6295.91,19.08181261,11.76801838
2018-11-13T03:56:51.0000000,6295.9,6295.91,18.08181261,11.76801838
2018-11-13T03:56:51.0000000,6295.9,6295.91,18.08181261,12.76801838
2018-11-13T03:56:51.0000000,6295.9,6295.91,15.58181261,12.76801838
2018-11-13T03:56:51.0000000,6295.9,6295.91,15.58181261,5.26801838
2018-11-13T03:56:51.0000000,6295.9,6295.91,20.78981261,5.26801838
2018-11-13T03:56:51.0000000,6295.9,6295.91,15.58181261,5.26801838
2018-11-13T03:56:51.0000000,6295.9,6295.91,15.58181261,4.26801838
2018-11-13T03:56:51.0000000,6295.9,6295.91,16.58181261,4.26801838
2018-11-13T03:56:51.0000000,6295.9,6295.91,16.58181261,4.11229539
11/13/2018 3:56:51,6295.9,6295.91,16.58181261,4.11229539,7319928038,11/13/2018 3:56:51,sell,0.15572299,6295.91000000
2018-11-13T03:56:51.0000000,6295.9,6295.91,16.58181261,11.61229539
2018-11-13T03:56:51.0000000,6295.9,6295.91,16.58181261,11.61229539
2018-11-13T03:56:51.0000000,6295.9,6295.91,19.08181261,11.61229539
2018-11-13T03:56:51.0000000,6295.9,6295.91,19.08181261,12.61229539
2018-11-13T03:56:51.0000000,6295.9,6295.91,16.58181261,12.61229539
2018-11-13T03:56:51.0000000,6295.9,6295.91,15.58181261,12.61229539
2018-11-13T03:56:51.0000000,6295.9,6295.91,15.58181261,11.61229539
2018-11-13T03:56:51.0000000,6295.9,6295.91,15.58181261,12.61229539
2018-11-13T03:56:52.0000000,6295.9,6295.91,15.58181261,5.11229539
2018-11-13T03:56:52.0000000,6295.9,6295.91,15.58181261,4.11229539
2018-11-13T03:56:52.0000000,6295.9,6295.91,20.78981261,4.11229539
2018-11-13T03:56:52.0000000,6295.9,6295.91,15.58181261,4.11229539
2018-11-13T03:56:52.0000000,6295.9,6295.91,16.58181261,4.11229539
2018-11-13T03:56:52.0000000,6295.9,6295.91,19.08181261,4.11229539
2018-11-13T03:56:52.0000000,6295.9,6295.91,19.08181261,11.61229539
2018-11-13T03:56:52.0000000,6295.9,6295.91,18.08181261,11.61229539
2018-11-13T03:56:52.0000000,6295.9,6295.91,18.08181261,12.61229539
2018-11-13T03:56:52.0000000,6295.9,6295.91,15.58181261,12.61229539
2018-11-13T03:56:52.0000000,6295.9,6295.91,15.58181261,11.61229539
2018-11-13T03:56:52.0000000,6295.9,6295.91,16.58181261,11.61229539
2018-11-13T03:56:52.0000000,6295.9,6295.91,15.58181261,11.61229539
2018-11-13T03:56:52.0000000,6295.9,6295.91,18.08181261,11.61229539
2018-11-13T03:56:52.0000000,6295.9,6295.91,18.08181261,12.61229539
2018-11-13T03:56:52.0000000,6295.9,6295.91,18.08181261,11.61229539
2018-11-13T03:56:52.0000000,6295.9,6295.91,15.58181261,11.61229539
2018-11-13T03:56:52.0000000,6295.9,6295.91,15.58181261,12.61229539
2018-11-13T03:56:52.0000000,6295.9,6295.91,15.58181261,5.11229539
2018-11-13T03:56:52.0000000,6295.9,6295.91,15.58181261,4.11229539
2018-11-13T03:56:52.0000000,6295.9,6295.91,20.78981261,4.11229539
2018-11-13T03:56:52.0000000,6295.9,6295.91,15.58181261,4.11229539
2018-11-13T03:56:52.0000000,6295.9,6295.91,16.58181261,4.11229539
2018-11-13T03:56:52.0000000,6295.9,6295.91,19.08181261,4.11229539
2018-11-13T03:56:52.0000000,6295.9,6295.91,19.08181261,11.61229539
2018-11-13T03:56:52.0000000,6295.9,6295.91,18.08181261,11.61229539
2018-11-13T03:56:52.0000000,6295.9,6295.91,18.08181261,12.61229539
2018-11-13T03:56:52.0000000,6295.9,6295.91,15.58181261,12.61229539
2018-11-13T03:56:52.0000000,6295.9,6295.91,15.58181261,11.61229539
2018-11-13T03:56:52.0000000,6295.9,6295.91,15.58181261,12.61229539
2018-11-13T03:56:52.0000000,6295.9,6295.91,15.58181261,5.11229539
2018-11-13T03:56:52.0000000,6295.9,6295.91,20.78981261,5.11229539
2018-11-13T03:56:52.0000000,6295.9,6295.91,15.58181261,5.11229539
2018-11-13T03:56:52.0000000,6295.9,6295.91,15.58181261,12.61229539
2018-11-13T03:56:52.0000000,6295.9,6295.91,15.58181261,11.61229539
2018-11-13T03:56:52.0000000,6295.9,6295.91,18.08181261,11.61229539
2018-11-13T03:56:52.0000000,6295.9,6295.91,19.08181261,11.61229539
2018-11-13T03:56:52.0000000,6295.9,6295.91,19.08181261,12.61229539
2018-11-13T03:56:52.0000000,6295.9,6295.91,16.58181261,12.61229539
2018-11-13T03:56:52.0000000,6295.9,6295.91,16.58181261,11.61229539
2018-11-13T03:56:52.0000000,6295.9,6295.91,15.58181261,11.61229539
2018-11-13T03:56:52.0000000,6295.9,6295.91,18.08181261,11.61229539
2018-11-13T03:56:52.0000000,6295.9,6295.91,18.08181261,12.61229539
2018-11-13T03:56:52.0000000,6295.9,6295.91,19.08181261,12.61229539
2018-11-13T03:56:52.0000000,6295.9,6295.91,19.08181261,11.61229539
2018-11-13T03:56:52.0000000,6295.9,6295.91,18.08181261,11.61229539
2018-11-13T03:56:52.0000000,6295.9,6295.91,18.08181261,4.11229539
2018-11-13T03:56:52.0000000,6295.9,6295.91,23.28981261,4.11229539
2018-11-13T03:56:52.0000000,6295.9,6295.91,23.28981261,5.11229539
2018-11-13T03:56:52.0000000,6295.9,6295.91,18.08181261,5.11229539
2018-11-13T03:56:53.0000000,6295.9,6295.91,18.08181261,12.61229539
2018-11-13T03:56:53.0000000,6295.9,6295.91,18.08181261,11.61229539
2018-11-13T03:56:53.0000000,6295.9,6295.91,19.08181261,11.61229539
2018-11-13T03:56:53.0000000,6295.9,6295.91,19.08181261,12.61229539
2018-11-13T03:56:53.0000000,6295.9,6295.91,18.08181261,12.61229539
2018-11-13T03:56:53.0000000,6295.9,6295.91,18.08181261,11.61229539
2018-11-13T03:56:53.0000000,6295.9,6295.91,18.08181261,12.61229539
2018-11-13T03:56:53.0000000,6295.9,6295.91,18.08181261,11.61229539
2018-11-13T03:56:53.0000000,6295.9,6295.91,19.08181261,11.61229539
2018-11-13T03:56:53.0000000,6295.9,6295.91,18.08181261,11.61229539
2018-11-13T03:56:53.0000000,6295.9,6295.91,19.08181261,11.61229539
2018-11-13T03:56:53.0000000,6295.9,6295.91,19.08181261,4.11229539
2018-11-13T03:56:53.0000000,6295.9,6295.91,24.28981261,4.11229539
2018-11-13T03:56:53.0000000,6295.9,6295.91,19.08181261,4.11229539
2018-11-13T03:56:53.0000000,6295.9,6295.91,19.08181261,11.61229539
2018-11-13T03:56:54.0000000,6295.9,6295.91,19.08181261,4.11229539
2018-11-13T03:56:54.0000000,6295.9,6295.91,24.28981261,4.11229539
2018-11-13T03:56:54.0000000,6295.9,6295.91,19.08181261,4.11229539
2018-11-13T03:56:54.0000000,6295.9,6295.91,19.08181261,11.61229539
2018-11-13T03:56:54.0000000,6295.9,6295.91,19.02862333,11.61229539
11/13/2018 3:56:54,6295.9,6295.91,19.02862333,11.61229539,7319928245,11/13/2018 3:56:54,buy,0.05318928,6295.90000000
2018-11-13T03:56:54.0000000,6295.9,6295.91,19.02862333,11.60984414
11/13/2018 3:56:54,6295.9,6295.91,19.02862333,11.60984414,7319928250,11/13/2018 3:56:54,sell,0.00245125,6295.91000000
2018-11-13T03:56:54.0000000,6295.9,6295.91,19.02862333,11.60984414
2018-11-13T03:56:54.0000000,6295.9,6295.91,24.23662333,11.60984414
2018-11-13T03:56:54.0000000,6295.9,6295.91,19.02862333,11.60984414
2018-11-13T03:56:54.0000000,6295.9,6295.91,19.02862333,4.10984414
2018-11-13T03:56:54.0000000,6295.9,6295.91,24.23662333,4.10984414
2018-11-13T03:56:54.0000000,6295.9,6295.91,19.02862333,4.10984414
2018-11-13T03:56:54.0000000,6295.9,6295.91,19.02862333,11.60984414
2018-11-13T03:56:55.0000000,6295.9,6295.91,19.02862333,4.10984414
2018-11-13T03:56:55.0000000,6295.9,6295.91,24.23662333,4.10984414
2018-11-13T03:56:55.0000000,6295.9,6295.91,19.02862333,4.10984414
2018-11-13T03:56:55.0000000,6295.9,6295.91,19.02862333,11.60984414
2018-11-13T03:56:55.0000000,6295.9,6295.91,19.02862333,4.10984414
2018-11-13T03:56:55.0000000,6295.9,6295.91,24.23662333,4.10984414
2018-11-13T03:56:55.0000000,6295.9,6295.91,19.02862333,4.10984414
2018-11-13T03:56:55.0000000,6295.9,6295.91,19.02862333,11.60984414
2018-11-13T03:56:55.0000000,6295.9,6295.91,19.02862333,4.10984414
2018-11-13T03:56:55.0000000,6295.9,6295.91,24.23662333,4.10984414
2018-11-13T03:56:55.0000000,6295.9,6295.91,19.02862333,4.10984414
2018-11-13T03:56:55.0000000,6295.9,6295.91,19.02862333,11.60984414
2018-11-13T03:56:55.0000000,6295.9,6295.91,19.02862333,4.10984414
2018-11-13T03:56:55.0000000,6295.9,6295.91,24.23662333,4.10984414
2018-11-13T03:56:55.0000000,6295.9,6295.91,19.02862333,4.10984414
2018-11-13T03:56:55.0000000,6295.9,6295.91,19.02862333,11.60984414
2018-11-13T03:56:55.0000000,6295.9,6295.91,19.02862333,4.10984414
2018-11-13T03:56:55.0000000,6295.9,6295.91,24.23662333,4.10984414
2018-11-13T03:56:55.0000000,6295.9,6295.91,19.02862333,4.10984414
2018-11-13T03:56:55.0000000,6295.9,6295.91,19.02862333,11.60984414
2018-11-13T03:56:55.0000000,6295.9,6295.91,19.02862333,4.10984414
2018-11-13T03:56:55.0000000,6295.9,6295.91,24.23662333,4.10984414
2018-11-13T03:56:55.0000000,6295.9,6295.91,19.02862333,4.10984414
2018-11-13T03:56:55.0000000,6295.9,6295.91,19.02862333,11.60984414
2018-11-13T03:56:55.0000000,6295.9,6295.91,19.02862333,4.10984414
2018-11-13T03:56:55.0000000,6295.9,6295.91,18.02862333,4.10984414
2018-11-13T03:56:55.0000000,6295.9,6295.91,18.02862333,5.10984414
2018-11-13T03:56:55.0000000,6295.9,6295.91,18.02862333,4.10984414
2018-11-13T03:56:55.0000000,6295.9,6295.91,19.02862333,4.10984414
2018-11-13T03:56:55.0000000,6295.9,6295.91,19.02862333,11.60984414
2018-11-13T03:56:55.0000000,6295.9,6295.91,18.02862333,11.60984414
2018-11-13T03:56:55.0000000,6295.9,6295.91,18.02862333,12.60984414
2018-11-13T03:56:55.0000000,6295.9,6295.91,18.02862333,5.10984414
2018-11-13T03:56:55.0000000,6295.9,6295.91,16.02862333,5.10984414
2018-11-13T03:56:55.0000000,6295.9,6295.91,16.02862333,4.10984414
2018-11-13T03:56:55.0000000,6295.9,6295.91,17.02862333,4.10984414
2018-11-13T03:56:55.0000000,6295.9,6295.91,17.02862333,11.60984414
2018-11-13T03:56:55.0000000,6295.9,6295.91,16.02862333,11.60984414
2018-11-13T03:56:55.0000000,6295.9,6295.91,16.02862333,4.10984414
2018-11-13T03:56:55.0000000,6295.9,6295.91,18.02862333,4.10984414
2018-11-13T03:56:55.0000000,6295.9,6295.91,23.23662333,4.10984414
2018-11-13T03:56:55.0000000,6295.9,6295.91,18.02862333,4.10984414
2018-11-13T03:56:55.0000000,6295.9,6295.91,19.02862333,4.10984414
2018-11-13T03:56:56.0000000,6295.9,6295.91,19.02862333,11.60984414
2018-11-13T03:56:56.0000000,6295.9,6295.91,24.23662333,11.60984414
2018-11-13T03:56:56.0000000,6295.9,6295.91,19.02862333,11.60984414
2018-11-13T03:56:56.0000000,6295.9,6295.91,19.08862333,11.60984414
2018-11-13T03:56:56.0000000,6295.9,6295.91,18.08862333,11.60984414
2018-11-13T03:56:57.0000000,6295.9,6295.91,18.08862333,12.60984414
2018-11-13T03:56:57.0000000,6295.9,6295.91,18.08862333,5.10984414
2018-11-13T03:56:57.0000000,6295.9,6295.91,23.29662333,5.10984414
2018-11-13T03:56:57.0000000,6295.9,6295.91,23.29662333,4.10984414
2018-11-13T03:56:57.0000000,6295.9,6295.91,18.08862333,4.10984414
2018-11-13T03:56:57.0000000,6295.9,6295.91,19.08862333,4.10984414
2018-11-13T03:56:57.0000000,6295.9,6295.91,19.08862333,11.60984414
2018-11-13T03:56:57.0000000,6295.9,6295.91,18.08862333,11.60984414
2018-11-13T03:56:57.0000000,6295.9,6295.91,18.08862333,12.60984414
2018-11-13T03:56:57.0000000,6295.9,6295.91,18.08862333,5.10984414
2018-11-13T03:56:57.0000000,6295.9,6295.91,23.29662333,5.10984414
2018-11-13T03:56:57.0000000,6295.9,6295.91,23.29662333,4.10984414
2018-11-13T03:56:57.0000000,6295.9,6295.91,24.29662333,4.10984414
2018-11-13T03:56:57.0000000,6295.9,6295.91,19.08862333,4.10984414
2018-11-13T03:56:57.0000000,6295.9,6295.91,19.08862333,11.60984414
2018-11-13T03:56:57.0000000,6295.9,6295.91,18.08862333,11.60984414
2018-11-13T03:56:57.0000000,6295.9,6295.91,18.08862333,12.60984414
2018-11-13T03:56:57.0000000,6295.9,6295.91,18.08862333,5.10984414
2018-11-13T03:56:57.0000000,6295.9,6295.91,23.29662333,5.10984414
2018-11-13T03:56:57.0000000,6295.9,6295.91,18.08862333,5.10984414
2018-11-13T03:56:57.0000000,6295.9,6295.91,18.08862333,4.10984414
2018-11-13T03:56:57.0000000,6295.9,6295.91,19.08862333,4.10984414
2018-11-13T03:56:57.0000000,6295.9,6295.91,19.08862333,11.60984414
2018-11-13T03:56:57.0000000,6295.9,6295.91,18.08862333,11.60984414
2018-11-13T03:56:57.0000000,6295.9,6295.91,18.08862333,12.60984414
2018-11-13T03:56:57.0000000,6295.9,6295.91,18.08862333,5.10984414
2018-11-13T03:56:57.0000000,6295.9,6295.91,18.08862333,4.10984414
2018-11-13T03:56:57.0000000,6295.9,6295.91,23.29662333,4.10984414
2018-11-13T03:56:57.0000000,6295.9,6295.91,18.08862333,4.10984414
2018-11-13T03:56:57.0000000,6295.9,6295.91,19.08862333,4.10984414
2018-11-13T03:56:57.0000000,6295.9,6295.91,19.08862333,11.60984414
2018-11-13T03:56:57.0000000,6295.9,6295.91,18.08862333,11.60984414
2018-11-13T03:56:57.0000000,6295.9,6295.91,18.08862333,12.60984414
2018-11-13T03:56:57.0000000,6295.9,6295.91,15.58862333,12.60984414
2018-11-13T03:56:57.0000000,6295.9,6295.91,13.58862333,12.60984414
2018-11-13T03:56:57.0000000,6295.9,6295.91,13.58862333,5.10984414
2018-11-13T03:56:57.0000000,6295.9,6295.91,18.79662333,5.10984414
2018-11-13T03:56:57.0000000,6295.9,6295.91,18.79662333,4.10984414
2018-11-13T03:56:57.0000000,6295.9,6295.91,20.79662333,4.10984414
2018-11-13T03:56:57.0000000,6295.9,6295.91,15.58862333,4.10984414
2018-11-13T03:56:57.0000000,6295.9,6295.91,16.58862333,4.10984414
2018-11-13T03:56:57.0000000,6295.9,6295.91,19.08862333,4.10984414
2018-11-13T03:56:57.0000000,6295.9,6295.91,19.08862333,11.60984414
2018-11-13T03:56:57.0000000,6295.9,6295.91,18.08862333,11.60984414
2018-11-13T03:56:58.0000000,6295.9,6295.91,18.08862333,12.60984414
2018-11-13T03:56:58.0000000,6295.9,6295.91,18.08862333,5.10984414
2018-11-13T03:56:58.0000000,6295.9,6295.91,23.29662333,5.10984414
2018-11-13T03:56:58.0000000,6295.9,6295.91,23.29662333,4.10984414
2018-11-13T03:56:58.0000000,6295.9,6295.91,24.29662333,4.10984414
2018-11-13T03:56:58.0000000,6295.9,6295.91,19.08862333,4.10984414
2018-11-13T03:56:58.0000000,6295.9,6295.91,19.08862333,11.60984414
2018-11-13T03:56:58.0000000,6295.9,6295.91,18.08862333,11.60984414
2018-11-13T03:56:58.0000000,6295.9,6295.91,18.08862333,12.60984414
2018-11-13T03:56:58.0000000,6295.9,6295.91,18.08862333,5.10984414
2018-11-13T03:56:58.0000000,6295.9,6295.91,18.08862333,4.10984414
2018-11-13T03:56:58.0000000,6295.9,6295.91,23.29662333,4.10984414
2018-11-13T03:56:58.0000000,6295.9,6295.91,24.29662333,4.10984414
2018-11-13T03:56:58.0000000,6295.9,6295.91,19.08862333,4.10984414
2018-11-13T03:56:58.0000000,6295.9,6295.91,19.08862333,11.60984414
2018-11-13T03:56:58.0000000,6295.9,6295.91,18.08862333,11.60984414
2018-11-13T03:56:58.0000000,6295.9,6295.91,18.08862333,12.60984414
2018-11-13T03:56:58.0000000,6295.9,6295.91,18.08862333,5.10984414
2018-11-13T03:56:58.0000000,6295.9,6295.91,18.08862333,4.10984414
2018-11-13T03:56:58.0000000,6295.9,6295.91,23.29662333,4.10984414
2018-11-13T03:56:58.0000000,6295.9,6295.91,18.08862333,4.10984414
2018-11-13T03:56:58.0000000,6295.9,6295.91,19.08862333,4.10984414
2018-11-13T03:56:58.0000000,6295.9,6295.91,19.08862333,11.60984414
2018-11-13T03:56:58.0000000,6295.9,6295.91,18.08862333,11.60984414
2018-11-13T03:56:58.0000000,6295.9,6295.91,18.08862333,4.10984414
2018-11-13T03:56:58.0000000,6295.9,6295.91,18.08862333,5.10984414
2018-11-13T03:56:58.0000000,6295.9,6295.91,23.29662333,5.10984414
2018-11-13T03:56:58.0000000,6295.9,6295.91,18.08862333,5.10984414
2018-11-13T03:56:58.0000000,6295.9,6295.91,19.08862333,5.10984414
2018-11-13T03:56:58.0000000,6295.9,6295.91,19.08862333,4.10984414
2018-11-13T03:56:58.0000000,6295.9,6295.91,19.08862333,11.60984414
2018-11-13T03:56:58.0000000,6295.9,6295.91,18.08862333,11.60984414
2018-11-13T03:56:58.0000000,6295.9,6295.91,18.08862333,12.60984414
2018-11-13T03:56:58.0000000,6295.9,6295.91,18.08862333,5.10984414
2018-11-13T03:56:58.0000000,6295.9,6295.91,15.58862333,5.10984414
2018-11-13T03:56:58.0000000,6295.9,6295.91,15.58862333,4.10984414
2018-11-13T03:56:58.0000000,6295.9,6295.91,20.79662333,4.10984414
2018-11-13T03:56:58.0000000,6295.9,6295.91,21.79662333,4.10984414
2018-11-13T03:56:58.0000000,6295.9,6295.91,24.29662333,4.10984414
2018-11-13T03:56:58.0000000,6295.9,6295.91,19.08862333,4.10984414
2018-11-13T03:56:58.0000000,6295.9,6295.91,19.08862333,11.60984414
2018-11-13T03:56:58.0000000,6295.9,6295.91,18.08862333,11.60984414
2018-11-13T03:56:58.0000000,6295.9,6295.91,18.08862333,12.60984414
2018-11-13T03:56:58.0000000,6295.9,6295.91,15.58862333,12.60984414
2018-11-13T03:56:58.0000000,6295.9,6295.91,15.58862333,5.10984414
2018-11-13T03:56:58.0000000,6295.9,6295.91,15.58862333,4.10984414
2018-11-13T03:56:58.0000000,6295.9,6295.91,20.79662333,4.10984414
2018-11-13T03:56:58.0000000,6295.9,6295.91,21.79662333,4.10984414
2018-11-13T03:56:58.0000000,6295.9,6295.91,24.29662333,4.10984414
2018-11-13T03:56:58.0000000,6295.9,6295.91,19.08862333,4.10984414
2018-11-13T03:56:58.0000000,6295.9,6295.91,19.08862333,11.60984414
2018-11-13T03:56:58.0000000,6295.9,6295.91,18.08862333,11.60984414
2018-11-13T03:56:58.0000000,6295.9,6295.91,18.08862333,12.60984414
2018-11-13T03:56:58.0000000,6295.9,6295.91,18.08862333,5.10984414
2018-11-13T03:56:58.0000000,6295.9,6295.91,18.08862333,4.10984414
2018-11-13T03:56:58.0000000,6295.9,6295.91,23.29662333,4.10984414
2018-11-13T03:56:58.0000000,6295.9,6295.91,24.29662333,4.10984414
2018-11-13T03:56:58.0000000,6295.9,6295.91,19.08862333,4.10984414
2018-11-13T03:56:58.0000000,6295.9,6295.91,19.08862333,11.60984414
2018-11-13T03:56:59.0000000,6295.9,6295.91,19.02862333,11.60984414
2018-11-13T03:56:59.0000000,6295.9,6295.91,19.53862333,11.60984414
2018-11-13T03:56:59.0000000,6295.9,6295.91,19.02862333,11.60984414
2018-11-13T03:56:59.0000000,6295.9,6295.91,19.53862333,11.60984414
2018-11-13T03:56:59.0000000,6295.9,6295.91,19.02862333,11.60984414
2018-11-13T03:57:00.0000000,6295.9,6295.91,19.53862333,11.60984414
2018-11-13T03:57:00.0000000,6295.9,6295.91,19.02862333,11.60984414
2018-11-13T03:57:00.0000000,6295.9,6295.91,19.53862333,11.60984414
2018-11-13T03:57:00.0000000,6295.9,6295.91,19.02862333,11.60984414
2018-11-13T03:57:00.0000000,6295.9,6295.91,16.52862333,11.60984414
2018-11-13T03:57:00.0000000,6295.9,6295.91,15.52862333,11.60984414
2018-11-13T03:57:00.0000000,6295.9,6295.91,15.52862333,4.10984414
2018-11-13T03:57:00.0000000,6295.9,6295.91,15.52862333,5.10984414
2018-11-13T03:57:00.0000000,6295.9,6295.91,20.73662333,5.10984414
2018-11-13T03:57:00.0000000,6295.9,6295.91,15.52862333,5.10984414
2018-11-13T03:57:00.0000000,6295.9,6295.91,15.52862333,4.10984414
2018-11-13T03:57:00.0000000,6295.9,6295.91,18.02862333,4.10984414
2018-11-13T03:57:00.0000000,6295.9,6295.91,19.02862333,4.10984414
2018-11-13T03:57:00.0000000,6295.9,6295.91,19.02862333,11.60984414
2018-11-13T03:57:00.0000000,6295.9,6295.91,19.53862333,11.60984414
2018-11-13T03:57:00.0000000,6295.9,6295.91,18.53862333,11.60984414
2018-11-13T03:57:00.0000000,6295.9,6295.91,16.03862333,11.60984414
2018-11-13T03:57:00.0000000,6295.9,6295.91,16.03862333,12.60984414
2018-11-13T03:57:00.0000000,6295.9,6295.91,16.03862333,5.10984414
2018-11-13T03:57:00.0000000,6295.9,6295.91,21.24662333,5.10984414
2018-11-13T03:57:00.0000000,6295.9,6295.91,16.03862333,5.10984414
2018-11-13T03:57:00.0000000,6295.9,6295.91,15.52862333,5.10984414
2018-11-13T03:57:00.0000000,6295.9,6295.91,15.52862333,4.10984414
2018-11-13T03:57:00.0000000,6295.9,6295.91,13.52862333,4.10984414
2018-11-13T03:57:00.0000000,6295.9,6295.91,14.52862333,4.10984414
2018-11-13T03:57:01.0000000,6295.9,6295.91,17.02862333,4.10984414
2018-11-13T03:57:01.0000000,6295.9,6295.91,17.02862333,11.60984414
2018-11-13T03:57:01.0000000,6295.9,6295.91,16.02862333,11.60984414
2018-11-13T03:57:01.0000000,6295.9,6295.91,16.02862333,4.10984414
2018-11-13T03:57:01.0000000,6295.9,6295.91,13.52862333,4.10984414
2018-11-13T03:57:01.0000000,6295.9,6295.91,13.52862333,5.10984414
2018-11-13T03:57:01.0000000,6295.9,6295.91,18.73662333,5.10984414
2018-11-13T03:57:01.0000000,6295.9,6295.91,19.24662333,5.10984414
2018-11-13T03:57:01.0000000,6295.9,6295.91,20.24662333,5.10984414
2018-11-13T03:57:01.0000000,6295.9,6295.91,19.73662333,5.10984414
2018-11-13T03:57:01.0000000,6295.9,6295.91,14.52862333,5.10984414
2018-11-13T03:57:01.0000000,6295.9,6295.91,14.52862333,4.10984414
2018-11-13T03:57:01.0000000,6295.9,6295.91,14.52862333,11.60984414
2018-11-13T03:57:01.0000000,6295.9,6295.91,16.52862333,11.60984414
2018-11-13T03:57:01.0000000,6295.9,6295.91,16.52862333,4.10984414
2018-11-13T03:57:01.0000000,6295.9,6295.91,15.52862333,4.10984414
2018-11-13T03:57:01.0000000,6295.9,6295.91,20.73662333,4.10984414
2018-11-13T03:57:01.0000000,6295.9,6295.91,20.73662333,5.10984414
2018-11-13T03:57:01.0000000,6295.9,6295.91,20.73662333,4.10984414
2018-11-13T03:57:01.0000000,6295.9,6295.91,21.73662333,4.10984414
2018-11-13T03:57:01.0000000,6295.9,6295.91,24.23662333,4.10984414
2018-11-13T03:57:01.0000000,6295.9,6295.91,19.02862333,4.10984414
2018-11-13T03:57:01.0000000,6295.9,6295.91,19.02862333,11.60984414
2018-11-13T03:57:01.0000000,6295.9,6295.91,16.52862333,11.60984414
2018-11-13T03:57:01.0000000,6295.9,6295.91,15.52862333,11.60984414
2018-11-13T03:57:01.0000000,6295.9,6295.91,15.52862333,4.10984414
2018-11-13T03:57:01.0000000,6295.9,6295.91,20.73662333,4.10984414
2018-11-13T03:57:01.0000000,6295.9,6295.91,20.73662333,5.10984414
2018-11-13T03:57:01.0000000,6295.9,6295.91,21.73662333,5.10984414
2018-11-13T03:57:01.0000000,6295.9,6295.91,24.23662333,5.10984414
2018-11-13T03:57:01.0000000,6295.9,6295.91,19.02862333,5.10984414
2018-11-13T03:57:01.0000000,6295.9,6295.91,19.02862333,4.10984414
2018-11-13T03:57:01.0000000,6295.9,6295.91,19.02862333,11.60984414
2018-11-13T03:57:01.0000000,6295.9,6295.91,18.02862333,11.60984414
2018-11-13T03:57:01.0000000,6295.9,6295.91,15.52862333,11.60984414
2018-11-13T03:57:01.0000000,6295.9,6295.91,15.52862333,12.60984414
2018-11-13T03:57:01.0000000,6295.9,6295.91,15.52862333,5.10984414
2018-11-13T03:57:01.0000000,6295.9,6295.91,15.52862333,4.10984414
2018-11-13T03:57:01.0000000,6295.9,6295.91,20.73662333,4.10984414
2018-11-13T03:57:01.0000000,6295.9,6295.91,15.52862333,4.10984414
2018-11-13T03:57:01.0000000,6295.9,6295.91,16.52862333,4.10984414
2018-11-13T03:57:01.0000000,6295.9,6295.91,16.52862333,11.60984414
2018-11-13T03:57:01.0000000,6295.9,6295.91,19.02862333,11.60984414
2018-11-13T03:57:01.0000000,6295.9,6295.91,18.02862333,11.60984414
2018-11-13T03:57:01.0000000,6295.9,6295.91,15.52862333,11.60984414
2018-11-13T03:57:01.0000000,6295.9,6295.91,15.52862333,12.60984414
2018-11-13T03:57:01.0000000,6295.9,6295.91,15.52862333,5.10984414
2018-11-13T03:57:01.0000000,6295.9,6295.91,20.73662333,5.10984414
2018-11-13T03:57:01.0000000,6295.9,6295.91,20.73662333,4.10984414
2018-11-13T03:57:01.0000000,6295.9,6295.91,21.73662333,4.10984414
2018-11-13T03:57:01.0000000,6295.9,6295.91,24.23662333,4.10984414
2018-11-13T03:57:01.0000000,6295.9,6295.91,19.02862333,4.10984414
2018-11-13T03:57:01.0000000,6295.9,6295.91,19.02862333,11.60984414
2018-11-13T03:57:01.0000000,6295.9,6295.91,18.02862333,11.60984414
2018-11-13T03:57:01.0000000,6295.9,6295.91,15.52862333,11.60984414
2018-11-13T03:57:01.0000000,6295.9,6295.91,15.52862333,12.60984414
2018-11-13T03:57:01.0000000,6295.9,6295.91,15.52862333,5.10984414
2018-11-13T03:57:01.0000000,6295.9,6295.91,20.73662333,5.10984414
2018-11-13T03:57:01.0000000,6295.9,6295.91,21.73662333,5.10984414
2018-11-13T03:57:01.0000000,6295.9,6295.91,21.73662333,4.10984414
2018-11-13T03:57:01.0000000,6295.9,6295.91,24.23662333,4.10984414
2018-11-13T03:57:01.0000000,6295.9,6295.91,19.02862333,4.10984414
2018-11-13T03:57:01.0000000,6295.9,6295.91,19.53862333,4.10984414
2018-11-13T03:57:02.0000000,6295.9,6295.91,19.53862333,11.60984414
2018-11-13T03:57:02.0000000,6295.9,6295.91,18.53862333,11.60984414
2018-11-13T03:57:02.0000000,6295.9,6295.91,16.03862333,11.60984414
2018-11-13T03:57:02.0000000,6295.9,6295.91,16.03862333,12.60984414
2018-11-13T03:57:02.0000000,6295.9,6295.91,16.03862333,5.10984414
2018-11-13T03:57:02.0000000,6295.9,6295.91,21.24662333,5.10984414
2018-11-13T03:57:02.0000000,6295.9,6295.91,20.73662333,5.10984414
2018-11-13T03:57:02.0000000,6295.9,6295.91,15.52862333,5.10984414
2018-11-13T03:57:02.0000000,6295.9,6295.91,15.52862333,4.10984414
2018-11-13T03:57:02.0000000,6295.9,6295.91,16.52862333,4.10984414
2018-11-13T03:57:02.0000000,6295.9,6295.91,16.52862333,11.60984414
2018-11-13T03:57:02.0000000,6295.9,6295.91,19.02862333,11.60984414
2018-11-13T03:57:02.0000000,6295.9,6295.91,18.02862333,11.60984414
2018-11-13T03:57:02.0000000,6295.9,6295.91,18.02862333,12.60984414
2018-11-13T03:57:02.0000000,6295.9,6295.91,18.53862333,12.60984414
2018-11-13T03:57:02.0000000,6295.9,6295.91,16.03862333,12.60984414
2018-11-13T03:57:02.0000000,6295.9,6295.91,14.03862333,12.60984414
2018-11-13T03:57:02.0000000,6295.9,6295.91,13.52862333,12.60984414
2018-11-13T03:57:02.0000000,6295.9,6295.91,13.52862333,5.10984414
2018-11-13T03:57:02.0000000,6295.9,6295.91,13.52862333,4.10984414
2018-11-13T03:57:02.0000000,6295.9,6295.91,15.52862333,4.10984414
2018-11-13T03:57:02.0000000,6295.9,6295.91,20.73662333,4.10984414
2018-11-13T03:57:02.0000000,6295.9,6295.91,20.73662333,4.10225649
11/13/2018 3:57:02,6295.9,6295.91,20.73662333,4.10225649,7319928839,11/13/2018 3:57:02,sell,0.00758765,6295.91000000
2018-11-13T03:57:02.0000000,6295.9,6295.91,20.73662333,4.10225649
2018-11-13T03:57:02.0000000,6295.9,6295.91,21.73662333,4.10225649
2018-11-13T03:57:02.0000000,6295.9,6295.91,16.52862333,4.10225649
2018-11-13T03:57:02.0000000,6295.9,6295.91,19.02862333,4.10225649
2018-11-13T03:57:02.0000000,6295.9,6295.91,19.53862333,4.10225649
2018-11-13T03:57:02.0000000,6295.9,6295.91,19.53862333,11.60225649
2018-11-13T03:57:02.0000000,6295.9,6295.91,18.53862333,11.60225649
2018-11-13T03:57:02.0000000,6295.9,6295.91,19.53862333,11.60225649
2018-11-13T03:57:02.0000000,6295.9,6295.91,18.53862333,11.60225649
2018-11-13T03:57:02.0000000,6295.9,6295.91,19.53862333,11.60225649
2018-11-13T03:57:02.0000000,6295.9,6295.91,19.02862333,11.60225649
2018-11-13T03:57:02.0000000,6295.9,6295.91,18.02862333,11.60225649
2018-11-13T03:57:02.0000000,6295.9,6295.91,18.53862333,11.60225649
2018-11-13T03:57:02.0000000,6295.9,6295.91,18.02862333,11.60225649
2018-11-13T03:57:02.0000000,6295.9,6295.91,18.02862333,12.60225649
2018-11-13T03:57:02.0000000,6295.9,6295.91,19.02862333,12.60225649
2018-11-13T03:57:02.0000000,6295.9,6295.91,16.52862333,12.60225649
2018-11-13T03:57:02.0000000,6295.9,6295.91,16.52862333,11.60225649
2018-11-13T03:57:02.0000000,6295.9,6295.91,15.52862333,11.60225649
2018-11-13T03:57:02.0000000,6295.9,6295.91,15.58862333,11.60225649
2018-11-13T03:57:02.0000000,6295.9,6295.91,16.58862333,11.60225649
2018-11-13T03:57:02.0000000,6295.9,6295.91,19.08862333,11.60225649
2018-11-13T03:57:02.0000000,6295.9,6295.91,16.58862333,11.60225649
2018-11-13T03:57:02.0000000,6295.9,6295.91,17.09862333,11.60225649
2018-11-13T03:57:02.0000000,6295.9,6295.91,19.59862333,11.60225649
2018-11-13T03:57:02.0000000,6295.9,6295.91,17.09862333,11.60225649
2018-11-13T03:57:02.0000000,6295.9,6295.91,19.59862333,11.60225649
2018-11-13T03:57:02.0000000,6295.9,6295.91,17.09862333,11.60225649
2018-11-13T03:57:02.0000000,6295.9,6295.91,19.59862333,11.60225649
2018-11-13T03:57:02.0000000,6295.9,6295.91,17.09862333,11.60225649
2018-11-13T03:57:02.0000000,6295.9,6295.91,16.58862333,11.60225649
2018-11-13T03:57:02.0000000,6295.9,6295.91,19.08862333,11.60225649
2018-11-13T03:57:02.0000000,6295.9,6295.91,16.58862333,11.60225649
2018-11-13T03:57:02.0000000,6295.9,6295.91,19.08862333,11.60225649
2018-11-13T03:57:02.0000000,6295.9,6295.91,16.58862333,11.60225649
2018-11-13T03:57:03.0000000,6295.9,6295.91,19.08862333,11.60225649
2018-11-13T03:57:03.0000000,6295.9,6295.91,16.58862333,11.60225649
2018-11-13T03:57:03.0000000,6295.9,6295.91,19.08862333,11.60225649
2018-11-13T03:57:03.0000000,6295.9,6295.91,19.59862333,11.60225649
2018-11-13T03:57:03.0000000,6295.9,6295.91,17.09862333,11.60225649
2018-11-13T03:57:03.0000000,6295.9,6295.91,19.59862333,11.60225649
2018-11-13T03:57:03.0000000,6295.9,6295.91,17.09862333,11.60225649
2018-11-13T03:57:03.0000000,6295.9,6295.91,16.58862333,11.60225649
2018-11-13T03:57:03.0000000,6295.9,6295.91,17.09862333,11.60225649
2018-11-13T03:57:03.0000000,6295.9,6295.91,16.58862333,11.60225649
2018-11-13T03:57:03.0000000,6295.9,6295.91,15.58862333,11.60225649
2018-11-13T03:57:04.0000000,6295.9,6295.91,15.58862333,12.60225649
2018-11-13T03:57:04.0000000,6295.9,6295.91,16.09862333,12.60225649
2018-11-13T03:57:04.0000000,6295.9,6295.91,16.09862333,11.60225649
2018-11-13T03:57:04.0000000,6295.9,6295.91,17.09862333,11.60225649
2018-11-13T03:57:04.0000000,6295.9,6295.91,16.09862333,11.60225649
2018-11-13T03:57:04.0000000,6295.9,6295.91,16.09862333,12.60225649
2018-11-13T03:57:04.0000000,6295.9,6295.91,16.03862333,12.60225649
2018-11-13T03:57:04.0000000,6295.9,6295.91,16.03862333,11.60225649
2018-11-13T03:57:04.0000000,6295.9,6295.91,17.03862333,11.60225649
2018-11-13T03:57:06.0000000,6295.9,6295.91,17.03862333,11.57112043
11/13/2018 3:57:06,6295.9,6295.91,17.03862333,11.57112043,7319928973,11/13/2018 3:57:06,sell,0.03113606,6295.91000000
2018-11-13T03:57:06.0000000,6295.9,6295.91,17.03862333,11.57112043
2018-11-13T03:57:06.0000000,6295.9,6295.91,17.03862333,11.56163627
11/13/2018 3:57:06,6295.9,6295.91,17.03862333,11.56163627,7319928990,11/13/2018 3:57:06,sell,0.00948416,6295.91000000
2018-11-13T03:57:06.0000000,6295.9,6295.91,17.03862333,11.56163627
2018-11-13T03:57:07.0000000,6295.9,6295.91,17.03862333,7.56163627
2018-11-13T03:57:08.0000000,6295.9,6295.91,17.09862333,7.56163627
2018-11-13T03:57:10.0000000,6295.9,6295.91,17.09403976,7.56163627
11/13/2018 3:57:10,6295.9,6295.91,17.09403976,7.56163627,7319929120,11/13/2018 3:57:10,buy,0.00458357,6295.90000000
2018-11-13T03:57:10.0000000,6295.9,6295.91,17.09403976,7.56163627
2018-11-13T03:57:10.0000000,6295.9,6295.91,17.09403976,12.56163627
2018-11-13T03:57:10.0000000,6295.9,6295.91,17.09403976,12.54643885
11/13/2018 3:57:10,6295.9,6295.91,17.09403976,12.54643885,7319929127,11/13/2018 3:57:10,sell,0.01519742,6295.91000000
2018-11-13T03:57:10.0000000,6295.9,6295.91,17.09403976,12.54643885
2018-11-13T03:57:10.0000000,6295.9,6295.91,17.03403976,12.54643885
2018-11-13T03:57:11.0000000,6295.9,6295.91,19.53403976,12.54643885
2018-11-13T03:57:11.0000000,6295.9,6295.91,18.53403976,12.54643885
2018-11-13T03:57:11.0000000,6295.9,6295.91,18.53403976,13.54643885
2018-11-13T03:57:11.0000000,6295.9,6295.91,16.03403976,13.54643885
2018-11-13T03:57:12.0000000,6295.9,6295.91,18.53403976,13.54643885
2018-11-13T03:57:12.0000000,6295.9,6295.91,18.53403976,17.54643885
2018-11-13T03:57:12.0000000,6295.9,6295.91,18.53403976,16.54643885
2018-11-13T03:57:12.0000000,6295.9,6295.91,18.53403976,17.54643885
2018-11-13T03:57:12.0000000,6295.9,6295.91,18.53403976,16.54643885
2018-11-13T03:57:12.0000000,6295.9,6295.91,19.53403976,16.54643885
2018-11-13T03:57:12.0000000,6295.9,6295.91,18.53403976,16.54643885
2018-11-13T03:57:12.0000000,6295.9,6295.91,18.53403976,17.54643885
2018-11-13T03:57:12.0000000,6295.9,6295.91,18.53403976,16.54643885
2018-11-13T03:57:12.0000000,6295.9,6295.91,19.53403976,16.54643885
2018-11-13T03:57:14.0000000,6295.9,6295.91,19.48746243,16.54643885
11/13/2018 3:57:14,6295.9,6295.91,19.48746243,16.54643885,7319929198,11/13/2018 3:57:14,buy,0.04657733,6295.90000000
2018-11-13T03:57:14.0000000,6295.9,6295.91,19.48746243,16.54643885
2018-11-13T03:57:14.0000000,6295.9,6295.91,16.98746243,16.54643885
2018-11-13T03:57:14.0000000,6295.9,6295.91,15.98746243,16.54643885
2018-11-13T03:57:14.0000000,6295.9,6295.91,15.98746243,17.54643885
2018-11-13T03:57:14.0000000,6295.9,6295.91,15.98746243,16.54643885
2018-11-13T03:57:14.0000000,6295.9,6295.91,16.98746243,16.54643885
2018-11-13T03:57:14.0000000,6295.9,6295.91,15.98746243,16.54643885
2018-11-13T03:57:14.0000000,6295.9,6295.91,15.98746243,17.54643885
2018-11-13T03:57:15.0000000,6295.9,6295.91,15.98746243,16.54643885
2018-11-13T03:57:15.0000000,6295.9,6295.91,16.98746243,16.54643885
2018-11-13T03:57:15.0000000,6295.9,6295.91,16.98746243,17.54643885
2018-11-13T03:57:15.0000000,6295.9,6295.91,15.98746243,17.54643885
2018-11-13T03:57:22.0000000,6295.9,6295.91,18.48746243,17.54643885
2018-11-13T03:57:22.0000000,6295.9,6295.91,18.48746243,16.54643885
2018-11-13T03:57:22.0000000,6295.9,6295.91,19.48746243,16.54643885
2018-11-13T03:57:22.0000000,6295.9,6295.91,18.48746243,16.54643885
2018-11-13T03:57:22.0000000,6295.9,6295.91,19.48746243,16.54643885
2018-11-13T03:57:22.0000000,6295.9,6295.91,18.48746243,16.54643885
2018-11-13T03:57:22.0000000,6295.9,6295.91,19.48746243,16.54643885
2018-11-13T03:57:22.0000000,6295.9,6295.91,18.48746243,16.54643885
2018-11-13T03:57:22.0000000,6295.9,6295.91,19.48746243,16.54643885
2018-11-13T03:57:22.0000000,6295.9,6295.91,18.48746243,16.54643885
2018-11-13T03:57:22.0000000,6295.9,6295.91,19.48746243,16.54643885
2018-11-13T03:57:22.0000000,6295.9,6295.91,18.48746243,16.54643885
2018-11-13T03:57:22.0000000,6295.9,6295.91,19.48746243,16.54643885
2018-11-13T03:57:22.0000000,6295.9,6295.91,18.48746243,16.54643885
2018-11-13T03:57:23.0000000,6295.9,6295.91,18.48746243,17.54643885
2018-11-13T03:57:25.0000000,6295.9,6295.91,18.48746243,17.5349425
11/13/2018 3:57:25,6295.9,6295.91,18.48746243,17.5349425,7319929348,11/13/2018 3:57:25,sell,0.01149635,6295.91000000
2018-11-13T03:57:25.0000000,6295.9,6295.91,18.48746243,17.5349425
2018-11-13T03:57:25.0000000,6295.9,6295.91,18.48746243,16.5349425
2018-11-13T03:57:25.0000000,6295.9,6295.91,19.48746243,16.5349425
2018-11-13T03:57:25.0000000,6295.9,6295.91,18.48746243,16.5349425
2018-11-13T03:57:25.0000000,6295.9,6295.91,18.48746243,17.5349425
2018-11-13T03:57:27.0000000,6295.9,6295.91,17.97746243,17.5349425
2018-11-13T03:57:27.0000000,6295.9,6295.91,17.97746243,17.5
11/13/2018 3:57:27,6295.9,6295.91,17.97746243,17.5,7319929371,11/13/2018 3:57:27,sell,0.03494250,6295.91000000
2018-11-13T03:57:27.0000000,6295.9,6295.91,17.97746243,17.5
2018-11-13T03:57:27.0000000,6295.9,6295.91,17.97746243,17.44375482
11/13/2018 3:57:27,6295.9,6295.91,17.97746243,17.44375482,7319929373,11/13/2018 3:57:27,sell,0.05624518,6295.91000000
2018-11-13T03:57:27.0000000,6295.9,6295.91,17.97746243,17.44375482
2018-11-13T03:57:29.0000000,6295.9,6295.91,15.47746243,17.44375482
2018-11-13T03:57:30.0000000,6295.9,6295.91,15.98746243,17.44375482
2018-11-13T03:57:30.0000000,6295.9,6295.91,18.48746243,17.44375482
2018-11-13T03:57:30.0000000,6295.9,6295.91,15.98746243,17.44375482
2018-11-13T03:57:30.0000000,6295.9,6295.91,18.48746243,17.44375482
2018-11-13T03:57:30.0000000,6295.9,6295.91,15.98746243,17.44375482
2018-11-13T03:57:30.0000000,6295.9,6295.91,18.48746243,17.44375482
2018-11-13T03:57:31.0000000,6295.9,6295.91,18.48746243,16.44375482
2018-11-13T03:57:31.0000000,6295.9,6295.91,19.48746243,16.44375482
2018-11-13T03:57:31.0000000,6295.9,6295.91,18.48746243,16.44375482
2018-11-13T03:57:31.0000000,6295.9,6295.91,18.48746243,17.44375482
2018-11-13T03:57:31.0000000,6295.9,6295.91,18.48746243,16.44375482
2018-11-13T03:57:31.0000000,6295.9,6295.91,18.48746243,17.44375482
2018-11-13T03:57:32.0000000,6295.9,6295.91,18.48746243,16.44375482
2018-11-13T03:57:32.0000000,6295.9,6295.91,19.48746243,16.44375482
2018-11-13T03:57:32.0000000,6295.9,6295.91,19.48746243,17.44375482
2018-11-13T03:57:32.0000000,6295.9,6295.91,18.48746243,17.44375482
2018-11-13T03:57:33.0000000,6295.9,6295.91,15.98746243,17.44375482
2018-11-13T03:57:34.0000000,6295.9,6295.91,15.98746243,13.44375482
2018-11-13T03:57:34.0000000,6295.9,6295.91,18.48746243,13.44375482
2018-11-13T03:57:34.0000000,6295.9,6295.91,18.48746243,12.44375482
2018-11-13T03:57:34.0000000,6295.9,6295.91,19.48746243,12.44375482
2018-11-13T03:57:35.0000000,6295.9,6295.91,19.48746243,12.43506087
11/13/2018 3:57:35,6295.9,6295.91,19.48746243,12.43506087,7319929611,11/13/2018 3:57:35,sell,0.00869395,6295.91000000
2018-11-13T03:57:35.0000000,6295.9,6295.91,19.48746243,12.43506087
2018-11-13T03:57:35.0000000,6295.9,6295.91,18.48746243,12.43506087
2018-11-13T03:57:35.0000000,6295.9,6295.91,18.48746243,13.43506087
2018-11-13T03:57:36.0000000,6295.9,6295.91,18.48746243,13.41226474
11/13/2018 3:57:36,6295.9,6295.91,18.48746243,13.41226474,7319929652,11/13/2018 3:57:36,sell,0.02279613,6295.91000000
2018-11-13T03:57:36.0000000,6295.9,6295.91,18.48746243,13.41226474
2018-11-13T03:57:37.0000000,6295.9,6295.91,17.97746243,13.41226474
2018-11-13T03:57:37.0000000,6295.9,6295.91,15.47746243,13.41226474
2018-11-13T03:57:37.0000000,6295.9,6295.91,15.98746243,13.41226474
2018-11-13T03:57:37.0000000,6295.9,6295.91,15.98746243,15.91226474
2018-11-13T03:57:37.0000000,6295.9,6295.91,15.47746243,15.91226474
2018-11-13T03:57:38.0000000,6295.9,6295.91,15.47746243,19.91226474
2018-11-13T03:57:38.0000000,6295.9,6295.91,15.47746243,12.5
2018-11-13T03:57:38.0000000,6295.9,6295.91,13.47746243,12.5
2018-11-13T03:57:38.0000000,6295.9,6295.91,18.77246243,12.5
2018-11-13T03:57:38.0000000,6295.9,6295.91,13.47746243,12.5
2018-11-13T03:57:38.0000000,6295.9,6295.91,13.47746243,20
2018-11-13T03:57:38.0000000,6295.9,6295.91,13.47746243,12.5
2018-11-13T03:57:38.0000000,6295.9,6295.91,18.77246243,12.5
2018-11-13T03:57:38.0000000,6295.9,6295.91,13.47746243,12.5
2018-11-13T03:57:38.0000000,6295.9,6295.91,13.47746243,20
2018-11-13T03:57:38.0000000,6295.9,6295.91,13.47746243,12.5
2018-11-13T03:57:38.0000000,6295.9,6295.91,18.77246243,12.5
2018-11-13T03:57:38.0000000,6295.9,6295.91,13.47746243,12.5
2018-11-13T03:57:38.0000000,6295.9,6295.91,13.47746243,20
2018-11-13T03:57:38.0000000,6295.9,6295.91,13.47746243,12.5
2018-11-13T03:57:38.0000000,6295.9,6295.91,15.47746243,12.5
2018-11-13T03:57:38.0000000,6295.9,6295.91,20.77246243,12.5
2018-11-13T03:57:38.0000000,6295.9,6295.91,15.47746243,12.5
2018-11-13T03:57:38.0000000,6295.9,6295.91,15.47746243,20
2018-11-13T03:57:39.0000000,6295.9,6295.91,15.47746243,12.5
2018-11-13T03:57:39.0000000,6295.9,6295.91,15.47746243,20
2018-11-13T03:57:39.0000000,6295.9,6295.91,15.47746243,12.5
2018-11-13T03:57:39.0000000,6295.9,6295.91,20.77246243,12.5
2018-11-13T03:57:39.0000000,6295.9,6295.91,15.47746243,12.5
2018-11-13T03:57:39.0000000,6295.9,6295.91,15.47746243,20
2018-11-13T03:57:39.0000000,6295.9,6295.91,15.47746243,12.5
2018-11-13T03:57:39.0000000,6295.9,6295.91,20.77246243,12.5
2018-11-13T03:57:39.0000000,6295.9,6295.91,15.47746243,12.5
2018-11-13T03:57:39.0000000,6295.9,6295.91,15.47746243,20
2018-11-13T03:57:39.0000000,6295.9,6295.91,15.47746243,12.5
2018-11-13T03:57:39.0000000,6295.9,6295.91,20.77246243,12.5
2018-11-13T03:57:39.0000000,6295.9,6295.91,15.47746243,12.5
2018-11-13T03:57:39.0000000,6295.9,6295.91,15.47746243,20
2018-11-13T03:57:39.0000000,6295.9,6295.91,15.47746243,12.5
2018-11-13T03:57:39.0000000,6295.9,6295.91,14.38548243,12.5
11/13/2018 3:57:39,6295.9,6295.91,14.38548243,12.5,7319929970,11/13/2018 3:57:39,buy,1.09198000,6295.90000000
2018-11-13T03:57:39.0000000,6295.9,6295.91,14.38548243,12.5
2018-11-13T03:57:39.0000000,6295.9,6295.91,12.38548243,12.5
2018-11-13T03:57:39.0000000,6295.9,6295.91,17.68048243,12.5
2018-11-13T03:57:39.0000000,6295.9,6295.91,12.38548243,12.5
2018-11-13T03:57:39.0000000,6295.9,6295.91,12.38548243,20
2018-11-13T03:57:40.0000000,6295.9,6295.91,12.38548243,12.5
2018-11-13T03:57:40.0000000,6295.9,6295.91,17.68048243,12.5
2018-11-13T03:57:40.0000000,6295.9,6295.91,12.38548243,12.5
2018-11-13T03:57:40.0000000,6295.9,6295.91,12.38548243,20
2018-11-13T03:57:40.0000000,6295.9,6295.91,12.38548243,19.99628441
11/13/2018 3:57:40,6295.9,6295.91,12.38548243,19.99628441,7319930000,11/13/2018 3:57:40,sell,0.00371559,6295.91000000
2018-11-13T03:57:40.0000000,6295.9,6295.91,12.38548243,19.99628441
2018-11-13T03:57:40.0000000,6295.9,6295.91,12.38548243,12.49628441
2018-11-13T03:57:40.0000000,6295.9,6295.91,17.68048243,12.49628441
2018-11-13T03:57:40.0000000,6295.9,6295.91,12.38548243,12.49628441
2018-11-13T03:57:40.0000000,6295.9,6295.91,12.38548243,9.99628441
2018-11-13T03:57:40.0000000,6295.9,6295.91,12.38548243,17.49628441
2018-11-13T03:57:40.0000000,6295.9,6295.91,12.38548243,9.99628441
2018-11-13T03:57:40.0000000,6295.9,6295.91,17.68048243,9.99628441
2018-11-13T03:57:40.0000000,6295.9,6295.91,17.68048243,12.49628441
2018-11-13T03:57:40.0000000,6295.9,6295.91,17.68048243,11.49628441
2018-11-13T03:57:40.0000000,6295.9,6295.91,17.68048243,8.99628441
2018-11-13T03:57:40.0000000,6295.9,6295.91,17.68048243,9.99628441
2018-11-13T03:57:40.0000000,6295.9,6295.91,12.38548243,9.99628441
2018-11-13T03:57:40.0000000,6295.9,6295.91,12.38548243,17.49628441
2018-11-13T03:57:40.0000000,6295.9,6295.91,12.38548243,9.99628441
2018-11-13T03:57:40.0000000,6295.9,6295.91,12.38548243,8.99628441
2018-11-13T03:57:40.0000000,6295.9,6295.91,12.38548243,11.49628441
2018-11-13T03:57:40.0000000,6295.9,6295.91,17.68048243,11.49628441
2018-11-13T03:57:40.0000000,6295.9,6295.91,17.68048243,12.49628441
2018-11-13T03:57:40.0000000,6295.9,6295.91,17.68048243,9.99628441
2018-11-13T03:57:40.0000000,6295.9,6295.91,12.38548243,9.99628441
2018-11-13T03:57:40.0000000,6295.9,6295.91,17.68048243,9.99628441
2018-11-13T03:57:40.0000000,6295.9,6295.91,17.68048243,12.49628441
2018-11-13T03:57:40.0000000,6295.9,6295.91,17.68048243,11.49628441
2018-11-13T03:57:40.0000000,6295.9,6295.91,17.68048243,8.99628441
2018-11-13T03:57:40.0000000,6295.9,6295.91,18.68048243,8.99628441
2018-11-13T03:57:40.0000000,6295.9,6295.91,13.38548243,8.99628441
2018-11-13T03:57:40.0000000,6295.9,6295.91,12.38548243,8.99628441
2018-11-13T03:57:40.0000000,6295.9,6295.91,14.38548243,8.99628441
2018-11-13T03:57:40.0000000,6295.9,6295.91,14.38548243,16.49628441
2018-11-13T03:57:40.0000000,6295.9,6295.91,14.38548243,17.49628441
2018-11-13T03:57:40.0000000,6295.9,6295.91,14.38548243,19.99628441
2018-11-13T03:57:40.0000000,6295.9,6295.91,14.38548243,12.49628441
2018-11-13T03:57:40.0000000,6295.9,6295.91,12.38548243,12.49628441
2018-11-13T03:57:40.0000000,6295.9,6295.91,17.68048243,12.49628441
2018-11-13T03:57:40.0000000,6295.9,6295.91,17.68048243,9.99628441
2018-11-13T03:57:40.0000000,6295.9,6295.91,17.68048243,8.99628441
2018-11-13T03:57:40.0000000,6295.9,6295.91,17.68048243,9.99628441
2018-11-13T03:57:40.0000000,6295.9,6295.91,20.18048243,9.99628441
2018-11-13T03:57:40.0000000,6295.9,6295.91,17.68048243,9.99628441
2018-11-13T03:57:41.0000000,6295.9,6295.91,12.38548243,9.99628441
2018-11-13T03:57:41.0000000,6295.9,6295.91,12.38548243,17.49628441
2018-11-13T03:57:41.0000000,6295.9,6295.91,12.38548243,9.99628441
2018-11-13T03:57:41.0000000,6295.9,6295.91,17.68048243,9.99628441
2018-11-13T03:57:41.0000000,6295.9,6295.91,17.68048243,12.49628441
2018-11-13T03:57:41.0000000,6295.9,6295.91,17.68048243,9.99628441
2018-11-13T03:57:41.0000000,6295.9,6295.91,12.38548243,9.99628441
2018-11-13T03:57:41.0000000,6295.9,6295.91,17.68048243,9.99628441
2018-11-13T03:57:41.0000000,6295.9,6295.91,17.68048243,9.9339949
11/13/2018 3:57:41,6295.9,6295.91,17.68048243,9.9339949,7319930132,11/13/2018 3:57:41,sell,0.06228951,6295.91000000
2018-11-13T03:57:41.0000000,6295.9,6295.91,17.68048243,9.9339949
2018-11-13T03:57:41.0000000,6295.9,6295.91,12.38548243,9.9339949
2018-11-13T03:57:41.0000000,6295.9,6295.91,12.38548243,17.4339949
2018-11-13T03:57:41.0000000,6295.9,6295.91,12.38548243,19.9339949
2018-11-13T03:57:41.0000000,6295.9,6295.91,12.38548243,12.4339949
2018-11-13T03:57:41.0000000,6295.9,6295.91,17.68048243,12.4339949
2018-11-13T03:57:41.0000000,6295.9,6295.91,17.68048243,9.9339949
2018-11-13T03:57:41.0000000,6295.9,6295.91,19.68048243,9.9339949
2018-11-13T03:57:41.0000000,6295.9,6295.91,14.38548243,9.9339949
2018-11-13T03:57:41.0000000,6295.9,6295.91,14.38548243,17.4339949
2018-11-13T03:57:41.0000000,6295.9,6295.91,16.88548243,17.4339949
2018-11-13T03:57:41.0000000,6295.9,6295.91,14.38548243,17.4339949
2018-11-13T03:57:42.0000000,6295.9,6295.91,14.38548243,19.9339949
2018-11-13T03:57:42.0000000,6295.9,6295.91,14.38548243,12.4339949
2018-11-13T03:57:42.0000000,6295.9,6295.91,19.68048243,12.4339949
2018-11-13T03:57:42.0000000,6295.9,6295.91,14.38548243,12.4339949
2018-11-13T03:57:42.0000000,6295.9,6295.91,14.38548243,9.9339949
2018-11-13T03:57:42.0000000,6295.9,6295.91,14.38548243,17.4339949
2018-11-13T03:57:42.0000000,6295.9,6295.91,14.38548243,19.9339949
2018-11-13T03:57:42.0000000,6295.9,6295.91,14.38548243,12.4339949
2018-11-13T03:57:42.0000000,6295.9,6295.91,19.68048243,12.4339949
2018-11-13T03:57:42.0000000,6295.9,6295.91,19.68048243,9.9339949
2018-11-13T03:57:42.0000000,6295.9,6295.91,14.38548243,9.9339949
2018-11-13T03:57:42.0000000,6295.9,6295.91,14.38548243,17.4339949
2018-11-13T03:57:42.0000000,6295.9,6295.91,14.38548243,19.9339949
2018-11-13T03:57:42.0000000,6295.9,6295.91,14.38548243,12.4339949
2018-11-13T03:57:42.0000000,6295.9,6295.91,19.68048243,12.4339949
2018-11-13T03:57:42.0000000,6295.9,6295.91,14.38548243,12.4339949
2018-11-13T03:57:42.0000000,6295.9,6295.91,12.38548243,12.4339949
2018-11-13T03:57:42.0000000,6295.9,6295.91,12.38548243,19.9339949
2018-11-13T03:57:42.0000000,6295.9,6295.91,12.38548243,12.4339949
2018-11-13T03:57:42.0000000,6295.9,6295.91,17.68048243,12.4339949
2018-11-13T03:57:42.0000000,6295.9,6295.91,19.68048243,12.4339949
2018-11-13T03:57:42.0000000,6295.9,6295.91,14.38548243,12.4339949
2018-11-13T03:57:42.0000000,6295.9,6295.91,14.38548243,19.9339949
2018-11-13T03:57:42.0000000,6295.9,6295.91,14.38548243,12.4339949
2018-11-13T03:57:42.0000000,6295.9,6295.91,19.68048243,12.4339949
2018-11-13T03:57:42.0000000,6295.9,6295.91,14.38548243,12.4339949
2018-11-13T03:57:42.0000000,6295.9,6295.91,14.38548243,19.9339949
2018-11-13T03:57:42.0000000,6295.9,6295.91,14.38548243,12.4339949
2018-11-13T03:57:42.0000000,6295.9,6295.91,14.38548243,19.9339949
2018-11-13T03:57:42.0000000,6295.9,6295.91,14.38548243,12.4339949
2018-11-13T03:57:42.0000000,6295.9,6295.91,19.68048243,12.4339949
2018-11-13T03:57:42.0000000,6295.9,6295.91,19.68048243,9.9339949
2018-11-13T03:57:42.0000000,6295.9,6295.91,19.68048243,8.9339949
2018-11-13T03:57:42.0000000,6295.9,6295.91,14.38548243,8.9339949
2018-11-13T03:57:42.0000000,6295.9,6295.91,14.38548243,16.4339949
2018-11-13T03:57:42.0000000,6295.9,6295.91,14.38548243,17.4339949
2018-11-13T03:57:42.0000000,6295.9,6295.91,14.38548243,19.9339949
2018-11-13T03:57:43.0000000,6295.9,6295.91,14.38548243,12.4339949
2018-11-13T03:57:43.0000000,6295.9,6295.91,19.68048243,12.4339949
2018-11-13T03:57:43.0000000,6295.9,6295.91,14.38548243,12.4339949
2018-11-13T03:57:43.0000000,6295.9,6295.91,14.38548243,9.9339949
2018-11-13T03:57:43.0000000,6295.9,6295.91,14.38548243,17.4339949
2018-11-13T03:57:43.0000000,6295.9,6295.91,14.38548243,19.9339949
2018-11-13T03:57:43.0000000,6295.9,6295.91,14.38548243,12.4339949
2018-11-13T03:57:43.0000000,6295.9,6295.91,14.38548243,9.9339949
2018-11-13T03:57:43.0000000,6295.9,6295.91,14.38548243,17.4339949
2018-11-13T03:57:43.0000000,6295.9,6295.91,14.38548243,19.9339949
2018-11-13T03:57:43.0000000,6295.9,6295.91,14.38548243,12.4339949
2018-11-13T03:57:43.0000000,6295.9,6295.91,19.68048243,12.4339949
2018-11-13T03:57:43.0000000,6295.9,6295.91,19.68048243,9.9339949
2018-11-13T03:57:43.0000000,6295.9,6295.91,19.68048243,8.9339949
2018-11-13T03:57:43.0000000,6295.9,6295.91,14.38548243,8.9339949
2018-11-13T03:57:43.0000000,6295.9,6295.91,16.88548243,8.9339949
2018-11-13T03:57:43.0000000,6295.9,6295.91,16.88548243,16.4339949
2018-11-13T03:57:43.0000000,6295.9,6295.91,16.88548243,17.4339949
2018-11-13T03:57:43.0000000,6295.9,6295.91,14.38548243,17.4339949
2018-11-13T03:57:43.0000000,6295.9,6295.91,14.38548243,9.9339949
2018-11-13T03:57:43.0000000,6295.9,6295.91,14.38548243,17.4339949
2018-11-13T03:57:43.0000000,6295.9,6295.91,14.38548243,9.9339949
2018-11-13T03:57:43.0000000,6295.9,6295.91,12.38548243,9.9339949
2018-11-13T03:57:43.0000000,6295.9,6295.91,17.68048243,9.9339949
2018-11-13T03:57:43.0000000,6295.9,6295.91,12.38548243,9.9339949
2018-11-13T03:57:43.0000000,6295.9,6295.91,12.38548243,17.4339949
2018-11-13T03:57:43.0000000,6295.9,6295.91,12.38548243,9.9339949
2018-11-13T03:57:43.0000000,6295.9,6295.91,17.68048243,9.9339949
2018-11-13T03:57:43.0000000,6295.9,6295.91,12.38548243,9.9339949
2018-11-13T03:57:43.0000000,6295.9,6295.91,17.68048243,9.9339949
2018-11-13T03:57:43.0000000,6295.9,6295.91,12.38548243,9.9339949
2018-11-13T03:57:43.0000000,6295.9,6295.91,12.38548243,17.4339949
2018-11-13T03:57:43.0000000,6295.9,6295.91,12.38548243,9.9339949
2018-11-13T03:57:43.0000000,6295.9,6295.91,14.38548243,9.9339949
2018-11-13T03:57:43.0000000,6295.9,6295.91,19.68048243,9.9339949
2018-11-13T03:57:43.0000000,6295.9,6295.91,14.38548243,9.9339949
2018-11-13T03:57:43.0000000,6295.9,6295.91,14.38548243,8.9339949
2018-11-13T03:57:43.0000000,6295.9,6295.91,14.38548243,16.4339949
2018-11-13T03:57:43.0000000,6295.9,6295.91,15.38548243,16.4339949
2018-11-13T03:57:43.0000000,6295.9,6295.91,14.38548243,16.4339949
2018-11-13T03:57:43.0000000,6295.9,6295.91,14.38548243,17.4339949
2018-11-13T03:57:44.0000000,6295.9,6295.91,14.38548243,9.9339949
2018-11-13T03:57:44.0000000,6295.9,6295.91,19.68048243,9.9339949
2018-11-13T03:57:44.0000000,6295.9,6295.91,14.38548243,9.9339949
2018-11-13T03:57:44.0000000,6295.9,6295.91,14.38548243,17.4339949
2018-11-13T03:57:44.0000000,6295.9,6295.91,14.38548243,16.4339949
2018-11-13T03:57:44.0000000,6295.9,6295.91,15.38548243,16.4339949
2018-11-13T03:57:44.0000000,6295.9,6295.91,14.38548243,16.4339949
2018-11-13T03:57:44.0000000,6295.9,6295.91,14.38548243,17.4339949
2018-11-13T03:57:44.0000000,6295.9,6295.91,14.38548243,9.9339949
2018-11-13T03:57:44.0000000,6295.9,6295.91,14.38548243,17.4339949
2018-11-13T03:57:44.0000000,6295.9,6295.91,14.38548243,9.9339949
2018-11-13T03:57:44.0000000,6295.9,6295.91,19.68048243,9.9339949
2018-11-13T03:57:44.0000000,6295.9,6295.91,19.68048243,8.9339949
2018-11-13T03:57:44.0000000,6295.9,6295.91,20.68048243,8.9339949
2018-11-13T03:57:44.0000000,6295.9,6295.91,15.38548243,8.9339949
2018-11-13T03:57:44.0000000,6295.9,6295.91,14.38548243,8.9339949
