topBid,topAsk,sequence,time,side,size,price
2018-11-14T16:03:06.0000000,6086.86,6086.87,0.58812304,12.24513222
11/14/2018 16:03:06,6086.86,6086.87,0.58812304,12.24513222,7327364920,11/14/2018 16:03:06,sell,0.12000000,6086.87000000
2018-11-14T16:03:06.0000000,6086.86,6086.87,0.58812304,12.24513222
2018-11-14T16:03:06.0000000,6086.86,6086.87,0.61812304,12.24513222
2018-11-14T16:03:06.0000000,6086.86,6086.87,0.61812304,8.14313222
2018-11-14T16:03:06.0000000,6086.86,6086.87,0.61812304,8.328
2018-11-14T16:03:06.0000000,6086.86,6086.87,0.61812304,12.431
2018-11-14T16:03:06.0000000,6086.86,6086.87,0.61812304,12.42748555
11/14/2018 16:03:06,6086.86,6086.87,0.61812304,12.42748555,7327365018,11/14/2018 16:03:06,sell,0.00351445,6086.87000000
2018-11-14T16:03:06.0000000,6086.86,6086.87,0.61812304,12.42748555
2018-11-14T16:03:07.0000000,6086.86,6086.87,0.61812304,8.32448555
2018-11-14T16:03:08.0000000,6086.86,6086.87,0.61812304,12.42748555
2018-11-14T16:03:08.0000000,6086.86,6086.87,0.61812304,13.42748555
2018-11-14T16:03:09.0000000,6086.86,6086.87,3.11812304,13.42748555
2018-11-14T16:03:09.0000000,6086.86,6086.87,3.11812304,8.09948555
2018-11-14T16:03:09.0000000,6086.86,6086.87,10.61812304,8.09948555
2018-11-14T16:03:09.0000000,6086.86,6086.87,3.11812304,8.09948555
2018-11-14T16:03:09.0000000,6086.86,6086.87,10.61812304,8.09948555
2018-11-14T16:03:09.0000000,6086.86,6086.87,10.61812304,8.07780087
11/14/2018 16:03:09,6086.86,6086.87,10.61812304,8.07780087,7327365304,11/14/2018 16:03:09,sell,0.02168468,6086.87000000
2018-11-14T16:03:09.0000000,6086.86,6086.87,10.61812304,8.07780087
2018-11-14T16:03:09.0000000,6086.86,6086.87,10.65912304,8.07780087
2018-11-14T16:03:09.0000000,6086.86,6086.87,10.65912304,7.49440818
11/14/2018 16:03:09,6086.86,6086.87,10.65912304,7.49440818,7327365328,11/14/2018 16:03:09,sell,0.58339269,6086.87000000
2018-11-14T16:03:09.0000000,6086.86,6086.87,10.65912304,7.49440818
2018-11-14T16:03:09.0000000,6086.86,6086.87,10.65912304,7.3095404
2018-11-14T16:03:09.0000000,6086.86,6086.87,10.65912304,6.25384128
2018-11-14T16:03:09.0000000,6086.86,6086.87,10.65912304,6.103
2018-11-14T16:03:09.0000000,6086.86,6086.87,10.65912304,2
2018-11-14T16:03:09.0000000,6086.86,6086.87,10.65912304,1
2018-11-14T16:03:10.0000000,6086.86,6086.87,8.15912304,1
2018-11-14T16:03:10.0000000,6086.86,6086.87,7.96380459,1
11/14/2018 16:03:10,6086.86,6086.87,7.96380459,1,7327365366,11/14/2018 16:03:10,buy,0.19531845,6086.86000000
2018-11-14T16:03:10.0000000,6086.86,6086.87,7.96380459,1
2018-11-14T16:03:10.0000000,6086.86,6086.87,10.46380459,1
2018-11-14T16:03:10.0000000,6086.86,6086.87,10.46380459,2.42085768
2018-11-14T16:03:10.0000000,6086.86,6086.87,10.46380459,2.41816017
11/14/2018 16:03:10,6086.86,6086.87,10.46380459,2.41816017,7327365432,11/14/2018 16:03:10,sell,0.00269751,6086.87000000
2018-11-14T16:03:10.0000000,6086.86,6086.87,10.46380459,2.41816017
2018-11-14T16:03:10.0000000,6086.86,6086.87,2.96380459,2.41816017
2018-11-14T16:03:10.0000000,6086.86,6086.87,2.96380459,7.74616017
2018-11-14T16:03:10.0000000,6086.86,6086.87,2.96380459,7.74158371
11/14/2018 16:03:10,6086.86,6086.87,2.96380459,7.74158371,7327365445,11/14/2018 16:03:10,sell,0.00457646,6086.87000000
2018-11-14T16:03:10.0000000,6086.86,6086.87,2.96380459,7.74158371
2018-11-14T16:03:10.0000000,6086.86,6086.87,0.46380459,7.74158371
2018-11-14T16:03:10.0000000,6086.86,6086.87,0.46380459,2.41358371
2018-11-14T16:03:10.0000000,6086.86,6086.87,0.46380459,7.74158371
2018-11-14T16:03:11.0000000,6086.86,6086.87,0.42280459,7.74158371
2018-11-14T16:03:11.0000000,6086.86,6086.87,2.92280459,7.74158371
2018-11-14T16:03:11.0000000,6086.86,6086.87,2.96935636,7.74158371
2018-11-14T16:03:12.0000000,6086.86,6086.87,0.46935636,7.74158371
2018-11-14T16:03:12.0000000,6086.86,6086.87,0.46935636,8.6695797
2018-11-14T16:03:13.0000000,6086.86,6086.87,0.46935636,8.58904423
11/14/2018 16:03:13,6086.86,6086.87,0.46935636,8.58904423,7327365708,11/14/2018 16:03:13,sell,0.08053547,6086.87000000
2018-11-14T16:03:13.0000000,6086.86,6086.87,0.46935636,8.58904423
2018-11-14T16:03:14.0000000,6086.86,6086.87,0.46935636,8.49409724
11/14/2018 16:03:14,6086.86,6086.87,0.46935636,8.49409724,7327365764,11/14/2018 16:03:14,sell,0.09494699,6086.87000000
2018-11-14T16:03:14.0000000,6086.86,6086.87,0.46935636,8.49409724
2018-11-14T16:03:14.0000000,6086.86,6086.87,0.46935636,8.4783779
11/14/2018 16:03:14,6086.86,6086.87,0.46935636,8.4783779,7327365779,11/14/2018 16:03:14,sell,0.01571934,6086.87000000
2018-11-14T16:03:14.0000000,6086.86,6086.87,0.46935636,8.4783779
2018-11-14T16:03:14.0000000,6086.86,6086.87,0.46935636,7.55038191
2018-11-14T16:03:14.0000000,6086.86,6086.87,0.46935636,9.07824452
2018-11-14T16:03:14.0000000,6086.86,6086.87,0.46935636,7.55038191
2018-11-14T16:03:14.0000000,6086.86,6086.87,0.46935636,9.38757642
2018-11-14T16:03:15.0000000,6086.86,6086.87,0.46935636,9.27753776
11/14/2018 16:03:15,6086.86,6086.87,0.46935636,9.27753776,7327365916,11/14/2018 16:03:15,sell,0.11003866,6086.87000000
2018-11-14T16:03:15.0000000,6086.86,6086.87,0.46935636,7.85668008
2018-11-14T16:03:15.0000000,6086.86,6086.87,0.46935636,7.85668008
2018-11-14T16:03:15.0000000,6086.86,6086.87,0.46935636,7.16519451
11/14/2018 16:03:15,6086.86,6086.87,0.46935636,7.16519451,7327365939,11/14/2018 16:03:15,sell,0.69148557,6086.87000000
2018-11-14T16:03:15.0000000,6086.86,6086.87,0.46935636,7.16519451
2018-11-14T16:03:15.0000000,6086.86,6086.87,0.46935636,3.82991133
11/14/2018 16:03:15,6086.86,6086.87,0.46935636,3.82991133,7327365941,11/14/2018 16:03:15,sell,3.33528318,6086.87000000
2018-11-14T16:03:15.0000000,6086.86,6086.87,0.46935636,3.82991133
2018-11-14T16:03:15.0000000,6086.86,6086.87,2.46935636,3.82991133
2018-11-14T16:03:15.0000000,6086.86,6086.87,2.46935636,4.82991133
2018-11-14T16:03:15.0000000,6086.86,6086.87,2.46935636,2.83719451
2018-11-14T16:03:16.0000000,6086.86,6086.87,9.96935636,2.83719451
2018-11-14T16:03:16.0000000,6086.86,6086.87,9.96935636,1.83719451
2018-11-14T16:03:16.0000000,6086.86,6086.87,10.96935636,1.83719451
2018-11-14T16:03:16.0000000,6086.86,6086.87,9.96935636,1.83719451
2018-11-14T16:03:16.0000000,6086.86,6086.87,10.96935636,1.83719451
2018-11-14T16:03:16.0000000,6086.86,6086.87,9.96935636,1.83719451
2018-11-14T16:03:17.0000000,6086.86,6086.87,9.96935636,1.80498915
11/14/2018 16:03:17,6086.86,6086.87,9.96935636,1.80498915,7327366091,11/14/2018 16:03:17,sell,0.03220536,6086.87000000
2018-11-14T16:03:17.0000000,6086.86,6086.87,9.96935636,1.80498915
2018-11-14T16:03:17.0000000,6086.86,6086.87,12.46935636,1.80498915
2018-11-14T16:03:17.0000000,6086.86,6086.87,12.46935636,1.79561619
11/14/2018 16:03:17,6086.86,6086.87,12.46935636,1.79561619,7327366163,11/14/2018 16:03:17,sell,0.00937296,6086.87000000
2018-11-14T16:03:17.0000000,6086.86,6086.87,12.46935636,1.79561619
2018-11-14T16:03:18.0000000,6086.86,6086.87,12.46935636,1.77989685
11/14/2018 16:03:18,6086.86,6086.87,12.46935636,1.77989685,7327366189,11/14/2018 16:03:18,sell,0.01571934,6086.87000000
2018-11-14T16:03:18.0000000,6086.86,6086.87,12.46935636,1.77989685
2018-11-14T16:03:18.0000000,6086.86,6086.87,12.47935636,1.77989685
2018-11-14T16:03:18.0000000,6086.86,6086.87,12.48935636,1.77989685
2018-11-14T16:03:18.0000000,6086.86,6086.87,12.53035636,1.77989685
2018-11-14T16:03:18.0000000,6086.86,6086.87,12.54035636,1.77989685
2018-11-14T16:03:18.0000000,6086.86,6086.87,12.53035636,1.77989685
2018-11-14T16:03:19.0000000,6086.86,6086.87,13.53035636,1.77989685
2018-11-14T16:03:19.0000000,6086.86,6086.87,13.53035636,1.79077722
2018-11-14T16:03:19.0000000,6086.86,6086.87,13.54035636,1.79077722
2018-11-14T16:03:19.0000000,6086.86,6086.87,13.56035636,1.79077722
2018-11-14T16:03:19.0000000,6086.86,6086.87,13.57035636,1.79077722
2018-11-14T16:03:20.0000000,6086.86,6086.87,13.58035636,1.79077722
2018-11-14T16:03:20.0000000,6086.86,6086.87,13.53935636,1.79077722
2018-11-14T16:03:20.0000000,6086.86,6086.87,13.51935636,1.79077722
2018-11-14T16:03:20.0000000,6086.86,6086.87,13.50935636,1.79077722
2018-11-14T16:03:20.0000000,6086.86,6086.87,13.47438854,1.79077722
11/14/2018 16:03:20,6086.86,6086.87,13.47438854,1.79077722,7327366406,11/14/2018 16:03:20,buy,0.03496782,6086.86000000
2018-11-14T16:03:20.0000000,6086.86,6086.87,13.47438854,1.79077722
2018-11-14T16:03:21.0000000,6086.86,6086.87,13.46438854,1.79077722
2018-11-14T16:03:21.0000000,6086.86,6086.87,13.46438854,1.78374635
11/14/2018 16:03:21,6086.86,6086.87,13.46438854,1.78374635,7327366443,11/14/2018 16:03:21,sell,0.00703087,6086.87000000
2018-11-14T16:03:21.0000000,6086.86,6086.87,13.46438854,1.78374635
2018-11-14T16:03:21.0000000,6086.86,6086.87,12.46438854,1.78374635
2018-11-14T16:03:21.0000000,6086.86,6086.87,12.46438854,1.7729612
11/14/2018 16:03:21,6086.86,6086.87,12.46438854,1.7729612,7327366462,11/14/2018 16:03:21,sell,0.01078515,6086.87000000
2018-11-14T16:03:21.0000000,6086.86,6086.87,12.46438854,1.7729612
2018-11-14T16:03:21.0000000,6086.86,6086.87,13.46438854,1.7729612
2018-11-14T16:03:22.0000000,6086.86,6086.87,13.45438854,1.7729612
2018-11-14T16:03:22.0000000,6086.86,6086.87,13.46438854,1.7729612
2018-11-14T16:03:23.0000000,6086.86,6086.87,13.45438854,1.7729612
2018-11-14T16:03:23.0000000,6086.86,6086.87,13.45438854,4.5139612
2018-11-14T16:03:23.0000000,6086.86,6086.87,13.45438854,1.7729612
2018-11-14T16:03:24.0000000,6086.86,6086.87,17.55238854,1.7729612
2018-11-14T16:03:24.0000000,6086.86,6086.87,17.55238854,1.76756503
11/14/2018 16:03:24,6086.86,6086.87,17.55238854,1.76756503,7327366633,11/14/2018 16:03:24,sell,0.00539617,6086.87000000
2018-11-14T16:03:24.0000000,6086.86,6086.87,17.55238854,1.76756503
2018-11-14T16:03:24.0000000,6086.86,6086.87,17.55238854,1.68702956
11/14/2018 16:03:24,6086.86,6086.87,17.55238854,1.68702956,7327366640,11/14/2018 16:03:24,sell,0.08053547,6086.87000000
2018-11-14T16:03:24.0000000,6086.86,6086.87,17.55238854,1.68702956
2018-11-14T16:03:24.0000000,6086.86,6086.87,17.97338854,1.68702956
2018-11-14T16:03:24.0000000,6086.86,6086.87,17.55238854,1.68702956
2018-11-14T16:03:24.0000000,6086.86,6086.87,13.45438854,1.68702956
2018-11-14T16:03:25.0000000,6086.86,6086.87,13.46438854,1.68702956
2018-11-14T16:03:25.0000000,6086.86,6086.87,13.48438854,1.68702956
2018-11-14T16:03:25.0000000,6086.86,6086.87,13.90538854,1.68702956
2018-11-14T16:03:25.0000000,6086.86,6086.87,13.88538854,1.68702956
2018-11-14T16:03:25.0000000,6086.86,6086.87,13.87538854,1.68702956
2018-11-14T16:03:25.0000000,6086.86,6086.87,13.86538854,1.68702956
2018-11-14T16:03:25.0000000,6086.86,6086.87,13.85538854,1.68702956
2018-11-14T16:03:27.0000000,6086.86,6086.87,17.95838854,1.68702956
2018-11-14T16:03:27.0000000,6086.86,6086.87,18.15838854,1.68702956
2018-11-14T16:03:27.0000000,6086.86,6086.87,17.95838854,1.68702956
2018-11-14T16:03:27.0000000,6086.86,6086.87,18.15838854,1.68702956
2018-11-14T16:03:27.0000000,6086.86,6086.87,17.95838854,1.68702956
2018-11-14T16:03:27.0000000,6086.86,6086.87,18.15838854,1.68702956
2018-11-14T16:03:27.0000000,6086.86,6086.87,17.95838854,1.68702956
2018-11-14T16:03:27.0000000,6086.86,6086.87,18.15838854,1.68702956
2018-11-14T16:03:27.0000000,6086.86,6086.87,17.95838854,1.68702956
2018-11-14T16:03:27.0000000,6086.86,6086.87,18.15838854,1.68702956
2018-11-14T16:03:27.0000000,6086.86,6086.87,17.95838854,1.68702956
2018-11-14T16:03:27.0000000,6086.86,6086.87,18.15838854,1.68702956
2018-11-14T16:03:27.0000000,6086.86,6086.87,17.95838854,1.68702956
2018-11-14T16:03:27.0000000,6086.86,6086.87,17.67953868,1.68702956
11/14/2018 16:03:27,6086.86,6086.87,17.67953868,1.68702956,7327366977,11/14/2018 16:03:27,buy,0.27884986,6086.86000000
2018-11-14T16:03:27.0000000,6086.86,6086.87,17.67953868,1.68702956
2018-11-14T16:03:27.0000000,6086.86,6086.87,17.87953868,1.68702956
2018-11-14T16:03:27.0000000,6086.86,6086.87,17.67953868,1.68702956
2018-11-14T16:03:27.0000000,6086.86,6086.87,17.87953868,1.68702956
2018-11-14T16:03:27.0000000,6086.86,6086.87,17.67953868,1.68702956
2018-11-14T16:03:28.0000000,6086.86,6086.87,17.87953868,1.68702956
2018-11-14T16:03:28.0000000,6086.86,6086.87,17.67953868,1.68702956
2018-11-14T16:03:28.0000000,6086.86,6086.87,17.87953868,1.68702956
2018-11-14T16:03:28.0000000,6086.86,6086.87,17.67953868,1.68702956
2018-11-14T16:03:28.0000000,6086.86,6086.87,17.87953868,1.68702956
2018-11-14T16:03:28.0000000,6086.86,6086.87,17.67953868,1.68702956
2018-11-14T16:03:28.0000000,6086.86,6086.87,17.87953868,1.68702956
2018-11-14T16:03:28.0000000,6086.86,6086.87,17.67953868,1.68702956
2018-11-14T16:03:28.0000000,6086.86,6086.87,17.87953868,1.68702956
2018-11-14T16:03:28.0000000,6086.86,6086.87,17.45853868,1.68702956
2018-11-14T16:03:28.0000000,6086.86,6086.87,17.25853868,1.68702956
2018-11-14T16:03:28.0000000,6086.86,6086.87,17.45853868,1.68702956
2018-11-14T16:03:28.0000000,6086.86,6086.87,17.25853868,1.68702956
2018-11-14T16:03:28.0000000,6086.86,6086.87,17.45853868,1.68702956
2018-11-14T16:03:28.0000000,6086.86,6086.87,17.25853868,1.68702956
2018-11-14T16:03:28.0000000,6086.86,6086.87,17.45853868,1.68702956
2018-11-14T16:03:28.0000000,6086.86,6086.87,17.25853868,1.68702956
2018-11-14T16:03:28.0000000,6086.86,6086.87,17.45853868,1.68702956
2018-11-14T16:03:29.0000000,6086.86,6086.87,13.35553868,1.68702956
2018-11-14T16:03:29.0000000,6086.86,6086.87,13.15553868,1.68702956
2018-11-14T16:03:30.0000000,6086.86,6086.87,13.15553868,1.6777101
11/14/2018 16:03:30,6086.86,6086.87,13.15553868,1.6777101,7327367249,11/14/2018 16:03:30,sell,0.00931946,6086.87000000
2018-11-14T16:03:30.0000000,6086.86,6086.87,13.15553868,1.6777101
2018-11-14T16:03:30.0000000,6086.86,6086.87,13.16553868,1.6777101
2018-11-14T16:03:30.0000000,6086.86,6086.87,13.36553868,1.6777101
2018-11-14T16:03:30.0000000,6086.86,6086.87,13.16553868,1.6777101
2018-11-14T16:03:30.0000000,6086.86,6086.87,13.36553868,1.6777101
2018-11-14T16:03:30.0000000,6086.86,6086.87,13.75353868,1.6777101
2018-11-14T16:03:30.0000000,6086.86,6086.87,13.55353868,1.6777101
2018-11-14T16:03:30.0000000,6086.86,6086.87,13.75353868,1.6777101
2018-11-14T16:03:30.0000000,6086.86,6086.87,17.85353868,1.6777101
2018-11-14T16:03:32.0000000,6086.86,6086.87,17.85353868,1.65367827
11/14/2018 16:03:32,6086.86,6086.87,17.85353868,1.65367827,7327367448,11/14/2018 16:03:32,sell,0.02403183,6086.87000000
2018-11-14T16:03:32.0000000,6086.86,6086.87,17.85353868,1.65367827
2018-11-14T16:03:32.0000000,6086.86,6086.87,17.65353868,1.65367827
2018-11-14T16:03:32.0000000,6086.86,6086.87,17.85353868,1.65367827
2018-11-14T16:03:32.0000000,6086.86,6086.87,17.65353868,1.65367827
2018-11-14T16:03:32.0000000,6086.86,6086.87,17.85353868,1.65367827
2018-11-14T16:03:32.0000000,6086.86,6086.87,17.65353868,1.65367827
2018-11-14T16:03:32.0000000,6086.86,6086.87,17.85353868,1.65367827
2018-11-14T16:03:32.0000000,6086.86,6086.87,17.65353868,1.65367827
2018-11-14T16:03:32.0000000,6086.86,6086.87,17.85353868,1.65367827
2018-11-14T16:03:32.0000000,6086.86,6086.87,17.65353868,1.65367827
2018-11-14T16:03:32.0000000,6086.86,6086.87,17.85353868,1.65367827
2018-11-14T16:03:32.0000000,6086.86,6086.87,17.65353868,1.65367827
2018-11-14T16:03:32.0000000,6086.86,6086.87,17.85353868,1.65367827
2018-11-14T16:03:33.0000000,6086.86,6086.87,17.65353868,1.65367827
2018-11-14T16:03:33.0000000,6086.86,6086.87,17.85353868,1.65367827
2018-11-14T16:03:33.0000000,6086.86,6086.87,17.85353868,1.62147291
11/14/2018 16:03:33,6086.86,6086.87,17.85353868,1.62147291,7327367617,11/14/2018 16:03:33,sell,0.03220536,6086.87000000
2018-11-14T16:03:33.0000000,6086.86,6086.87,17.85353868,1.62147291
2018-11-14T16:03:34.0000000,6086.86,6086.87,17.85353868,0.01088037
11/14/2018 16:03:34,6086.86,6086.87,17.85353868,0.01088037,7327367653,11/14/2018 16:03:34,sell,1.61059254,6086.87000000
2018-11-14T16:03:34.0000000,6086.86,6086.87,17.85353868,0.01088037
2018-11-14T16:03:34.0000000,6086.86,6086.87,17.85353868,0
11/14/2018 16:03:34,6086.86,6086.87,17.85353868,0,7327367655,11/14/2018 16:03:34,sell,0.01088037,6086.87000000
11/14/2018 16:03:34,6086.86,6086.87,17.85353868,0,7327367657,11/14/2018 16:03:34,sell,0.22455191,6087.00000000
11/14/2018 16:03:34,6086.86,6086.87,17.85353868,0,7327367659,11/14/2018 16:03:34,sell,0.00100000,6087.41000000
11/14/2018 16:03:34,6086.86,6086.87,17.85353868,0,7327367661,11/14/2018 16:03:34,sell,0.00100000,6087.57000000
11/14/2018 16:03:34,6086.86,6086.87,17.85353868,0,7327367663,11/14/2018 16:03:34,sell,0.27053008,6089.22000000
11/14/2018 16:03:34,6086.86,6086.87,17.85353868,0,7327367665,11/14/2018 16:03:34,sell,0.08000000,6090.00000000
2018-11-14T16:03:34.0000000,6086.86,6090.21,17.85353868,0
2018-11-14T16:03:34.0000000,6086.86,6090.21,17.85353868,0.23942379
11/14/2018 16:03:34,6086.86,6090.21,17.85353868,0.23942379,7327367667,11/14/2018 16:03:34,sell,0.21747621,6090.21000000
2018-11-14T16:03:34.0000000,6086.86,6090.21,17.85353868,0.23942379
2018-11-14T16:03:34.0000000,6086.86,6090.21,15.85353868,0.23942379
2018-11-14T16:03:34.0000000,6086.86,6090.21,15.65353868,0.23942379
2018-11-14T16:03:34.0000000,6086.86,6090.21,15.62353868,0.23942379
2018-11-14T16:03:34.0000000,6086.86,6090.21,15.57698691,0.23942379
2018-11-14T16:03:34.0000000,6086.86,6090.21,15.57698691,1.23942379
2018-11-14T16:03:34.0000000,6086.86,6090.21,15.57698691,0.23942379
2018-11-14T16:03:34.0000000,6086.86,6090.21,11.47698691,0.23942379
2018-11-14T16:03:34.0000000,6086.86,6090.21,11.08898691,0.23942379
11/14/2018 16:03:34,6086.86,6090.21,11.08898691,0.23942379,7327367812,11/14/2018 16:03:34,buy,0.01139000,6090.20000000
2018-11-14T16:03:34.0000000,6090.2,6090.21,11.08898691,0.23942379
2018-11-14T16:03:34.0000000,6090.2,6090.21,3.04377177,0.23942379
11/14/2018 16:03:34,6090.2,6090.21,3.04377177,0.23942379,7327367816,11/14/2018 16:03:34,buy,0.01139000,6090.20000000
2018-11-14T16:03:34.0000000,6090.2,6090.21,3.04377177,0.23942379
2018-11-14T16:03:34.0000000,6090.2,6090.21,3.04377177,2.23242379
2018-11-14T16:03:34.0000000,6090.2,6090.21,3.04377177,0.23942379
2018-11-14T16:03:34.0000000,6090.2,6090.21,10.54377177,0.23942379
2018-11-14T16:03:34.0000000,6090.2,6090.21,3.04377177,0.23942379
2018-11-14T16:03:34.0000000,6090.2,6090.21,3.04377177,2.23242379
2018-11-14T16:03:34.0000000,6090.2,6090.21,3.04377177,0.23942379
2018-11-14T16:03:34.0000000,6090.2,6090.21,10.54377177,0.23942379
2018-11-14T16:03:34.0000000,6090.2,6090.21,3.04377177,0.23942379
2018-11-14T16:03:34.0000000,6090.2,6090.21,10.54377177,0.23942379
2018-11-14T16:03:35.0000000,6090.2,6090.21,10.54377177,0.2235655
11/14/2018 16:03:35,6090.2,6090.21,10.54377177,0.2235655,7327367984,11/14/2018 16:03:35,sell,0.01585829,6090.21000000
2018-11-14T16:03:35.0000000,6090.2,6090.21,10.54377177,0.2235655
2018-11-14T16:03:35.0000000,6090.2,6090.21,10.54377177,0.21865974
11/14/2018 16:03:35,6090.2,6090.21,10.54377177,0.21865974,7327368015,11/14/2018 16:03:35,sell,0.00490576,6090.21000000
2018-11-14T16:03:35.0000000,6090.2,6090.21,10.54377177,0.21865974
2018-11-14T16:03:35.0000000,6090.2,6090.21,10.81425832,0.21865974
2018-11-14T16:03:35.0000000,6090.2,6090.21,3.31425832,0.21865974
2018-11-14T16:03:35.0000000,6090.2,6090.21,3.31425832,2.21165974
2018-11-14T16:03:35.0000000,6090.2,6090.21,3.31425832,0.21865974
2018-11-14T16:03:35.0000000,6090.2,6090.21,10.81425832,0.21865974
2018-11-14T16:03:35.0000000,6090.2,6090.21,3.31425832,0.21865974
2018-11-14T16:03:36.0000000,6090.2,6090.21,3.31425832,2.21165974
2018-11-14T16:03:36.0000000,6090.2,6090.21,3.31425832,0.21865974
2018-11-14T16:03:36.0000000,6090.2,6090.21,10.81425832,0.21865974
2018-11-14T16:03:36.0000000,6090.2,6090.21,3.31425832,0.21865974
2018-11-14T16:03:36.0000000,6090.2,6090.21,10.81425832,0.21865974
2018-11-14T16:03:36.0000000,6090.2,6090.21,10.81425832,0.2252522
2018-11-14T16:03:36.0000000,6090.2,6090.21,3.31425832,0.2252522
2018-11-14T16:03:36.0000000,6090.2,6090.21,3.31425832,2.2182522
2018-11-14T16:03:36.0000000,6090.2,6090.21,3.24143895,2.2182522
11/14/2018 16:03:36,6090.2,6090.21,3.24143895,2.2182522,7327368234,11/14/2018 16:03:36,buy,0.07281937,6090.20000000
2018-11-14T16:03:36.0000000,6090.2,6090.21,3.24143895,2.2182522
2018-11-14T16:03:36.0000000,6090.2,6090.21,3.24143895,1.99959246
11/14/2018 16:03:36,6090.2,6090.21,3.24143895,1.99959246,7327368243,11/14/2018 16:03:36,sell,0.21865974,6090.21000000
2018-11-14T16:03:36.0000000,6090.2,6090.21,3.24143895,1.99959246
2018-11-14T16:03:36.0000000,6090.2,6090.21,3.24143895,1.993
11/14/2018 16:03:36,6090.2,6090.21,3.24143895,1.993,7327368245,11/14/2018 16:03:36,sell,0.00659246,6090.21000000
2018-11-14T16:03:36.0000000,6090.2,6090.21,3.24143895,1.9572522
11/14/2018 16:03:36,6090.2,6090.21,3.24143895,1.9572522,7327368247,11/14/2018 16:03:36,sell,0.03574780,6090.21000000
2018-11-14T16:03:36.0000000,6090.2,6090.21,3.24143895,1.9572522
2018-11-14T16:03:36.0000000,6090.2,6090.21,3.56143895,1.9572522
2018-11-14T16:03:37.0000000,6090.2,6090.21,3.52936227,1.9572522
11/14/2018 16:03:37,6090.2,6090.21,3.52936227,1.9572522,7327368357,11/14/2018 16:03:37,buy,0.03207668,6090.20000000
2018-11-14T16:03:37.0000000,6090.2,6090.21,3.52936227,1.9572522
2018-11-14T16:03:37.0000000,6090.2,6090.21,3.52936227,2.03140258
2018-11-14T16:03:37.0000000,6090.2,6090.21,1.65703832,2.03140258
11/14/2018 16:03:37,6090.2,6090.21,1.65703832,2.03140258,7327368417,11/14/2018 16:03:37,buy,1.87232395,6090.20000000
2018-11-14T16:03:37.0000000,6090.2,6090.21,1.65703832,2.03140258
2018-11-14T16:03:37.0000000,6090.2,6090.21,1.63703832,2.03140258
11/14/2018 16:03:37,6090.2,6090.21,1.63703832,2.03140258,7327368419,11/14/2018 16:03:37,buy,0.02000000,6090.20000000
2018-11-14T16:03:37.0000000,6090.2,6090.21,1.63703832,2.03140258
2018-11-14T16:03:37.0000000,6090.2,6090.21,1.59048655,2.03140258
11/14/2018 16:03:37,6090.2,6090.21,1.59048655,2.03140258,7327368421,11/14/2018 16:03:37,buy,0.04655177,6090.20000000
2018-11-14T16:03:37.0000000,6090.2,6090.21,1.43363188,2.03140258
11/14/2018 16:03:37,6090.2,6090.21,1.43363188,2.03140258,7327368423,11/14/2018 16:03:37,buy,0.15685467,6090.20000000
2018-11-14T16:03:37.0000000,6090.2,6090.21,1.43363188,2.03140258
2018-11-14T16:03:37.0000000,6090.2,6090.21,1.11363188,2.03140258
2018-11-14T16:03:37.0000000,6090.2,6090.21,1.11363188,3.57993631
2018-11-14T16:03:38.0000000,6090.2,6090.21,1.11363188,4.29035668
2018-11-14T16:03:38.0000000,6090.2,6090.21,1.11363188,5.29035668
2018-11-14T16:03:39.0000000,6090.2,6090.21,0.27048655,5.29035668
2018-11-14T16:03:39.0000000,6090.2,6090.21,0.27048655,6.29035668
2018-11-14T16:03:39.0000000,6090.2,6090.21,0.27048655,10.39235668
2018-11-14T16:03:39.0000000,6090.2,6090.21,0.27048655,6.29035668
2018-11-14T16:03:39.0000000,6090.2,6090.21,0.27048655,6.74182295
2018-11-14T16:03:40.0000000,6090.2,6090.21,0.27048655,5.74182295
2018-11-14T16:03:40.0000000,6090.2,6090.21,0,5.74182295
11/14/2018 16:03:40,6090.2,6090.21,0,5.74182295,7327368789,11/14/2018 16:03:40,buy,0.27048655,6090.20000000
2018-11-14T16:03:40.0000000,6089.79,6090.21,0,5.74182295
2018-11-14T16:03:40.0000000,6089.79,6090.21,0,5.74182295
11/14/2018 16:03:40,6089.79,6090.21,0,5.74182295,7327368791,11/14/2018 16:03:40,buy,0.00100000,6089.79000000
2018-11-14T16:03:40.0000000,6087.28,6090.21,0,5.74182295
2018-11-14T16:03:40.0000000,6087.28,6090.21,0,5.74182295
11/14/2018 16:03:40,6087.28,6090.21,0,5.74182295,7327368793,11/14/2018 16:03:40,buy,0.08957963,6087.28000000
11/14/2018 16:03:40,6087.28,6090.21,0,5.74182295,7327368795,11/14/2018 16:03:40,buy,0.56610000,6087.01000000
11/14/2018 16:03:40,6087.28,6090.21,0,5.74182295,7327368797,11/14/2018 16:03:40,buy,0.25000000,6087.00000000
11/14/2018 16:03:40,6087.28,6090.21,0,5.74182295,7327368799,11/14/2018 16:03:40,buy,0.07898691,6086.86000000
2018-11-14T16:03:40.0000000,6086.86,6090.21,0,5.74182295
2018-11-14T16:03:40.0000000,6086.86,6090.21,2.38234309,5.74182295
11/14/2018 16:03:40,6086.86,6090.21,2.38234309,5.74182295,7327368801,11/14/2018 16:03:40,buy,0.11765691,6086.86000000
2018-11-14T16:03:40.0000000,6086.86,6090.21,2.38234309,5.29035668
2018-11-14T16:03:40.0000000,6086.86,6090.21,2.38234309,3.74182295
2018-11-14T16:03:40.0000000,6086.86,6090.21,2.38234309,3.03140258
2018-11-14T16:03:40.0000000,6086.86,6090.21,2.38234309,3.03140258
2018-11-14T16:03:40.0000000,6086.86,6090.21,2.38234309,2.9572522
2018-11-14T16:03:40.0000000,6086.86,6090.21,2.38234309,1
11/14/2018 16:03:41,6086.86,6090.21,2.38234309,1,7327368906,11/14/2018 16:03:41,sell,0.16107095,6088.26000000
2018-11-14T16:03:41.0000000,6086.86,6088.26,2.38234309,1
2018-11-14T16:03:41.0000000,6086.86,6088.26,2.38234309,2.79692905
2018-11-14T16:03:41.0000000,6086.86,6088.26,2.38234309,2.69361334
11/14/2018 16:03:41,6086.86,6088.26,2.38234309,2.69361334,7327368950,11/14/2018 16:03:41,sell,0.10331571,6088.26000000
2018-11-14T16:03:41.0000000,6086.86,6088.26,2.38234309,2.69361334
2018-11-14T16:03:41.0000000,6086.86,6088.26,2.38234309,1.958
2018-11-14T16:03:42.0000000,6086.86,6088.26,2.38234309,0
11/14/2018 16:03:42,6086.86,6088.26,2.38234309,0,7327369055,11/14/2018 16:03:42,buy,0.26438665,6087.02000000
11/14/2018 16:03:42,6086.86,6088.26,2.38234309,0,7327369057,11/14/2018 16:03:42,buy,0.35517755,6087.01000000
2018-11-14T16:03:42.0000000,6087.01,6088.25,2.38234309,0
2018-11-14T16:03:42.0000000,6087.01,6088.25,2.38234309,0
2018-11-14T16:03:42.0000000,6087.01,6088.25,0,0
2018-11-14T16:03:42.0000000,6087.01,6088.25,0,1.958
2018-11-14T16:03:42.0000000,6087.01,6088.25,0,0
11/14/2018 16:03:43,6087.01,6088.25,0,0,7327369279,11/14/2018 16:03:43,sell,0.00592587,6086.88000000
2018-11-14T16:03:43.0000000,6086.87,6086.88,0,0
2018-11-14T16:03:44.0000000,6086.87,6086.88,0.00224001,0
11/14/2018 16:03:44,6086.87,6086.88,0.00224001,0,7327369287,11/14/2018 16:03:44,buy,0.00463716,6086.87000000
2018-11-14T16:03:44.0000000,6086.87,6086.88,0.00224001,0
2018-11-14T16:03:44.0000000,6086.87,6086.88,0.00224001,3.95207413
2018-11-14T16:03:44.0000000,6086.87,6086.88,0.00224001,3.156374
11/14/2018 16:03:44,6086.87,6086.88,0.00224001,3.156374,7327369379,11/14/2018 16:03:44,sell,0.79570013,6086.88000000
2018-11-14T16:03:44.0000000,6086.87,6086.88,0.00224001,3.156374
2018-11-14T16:03:44.0000000,6086.87,6086.88,0.00224001,2.38646565
11/14/2018 16:03:44,6086.87,6086.88,0.00224001,2.38646565,7327369381,11/14/2018 16:03:44,sell,0.76990835,6086.88000000
2018-11-14T16:03:44.0000000,6086.87,6086.88,0.00224001,2.38646565
2018-11-14T16:03:45.0000000,6086.87,6086.88,0.00224001,3.80732333
2018-11-14T16:03:45.0000000,6086.87,6086.88,1.00224001,3.80732333
2018-11-14T16:03:45.0000000,6086.87,6086.88,0.00224001,3.80732333
2018-11-14T16:03:45.0000000,6086.87,6086.88,1.00224001,3.80732333
2018-11-14T16:03:45.0000000,6086.87,6086.88,0.00224001,3.80732333
2018-11-14T16:03:45.0000000,6086.87,6086.88,0,3.80732333
11/14/2018 16:03:45,6086.87,6086.88,0,3.80732333,7327369464,11/14/2018 16:03:45,buy,0.00224001,6086.87000000
2018-11-14T16:03:45.0000000,6086,6086.88,0,3.80732333
2018-11-14T16:03:45.0000000,6086,6086.88,0.02564794,3.80732333
11/14/2018 16:03:45,6086,6086.88,0.02564794,3.80732333,7327369466,11/14/2018 16:03:45,buy,0.05935206,6086.00000000
2018-11-14T16:03:45.0000000,6086,6086.88,0.02564794,3.80732333
2018-11-14T16:03:45.0000000,6086,6086.88,0.02564794,4.12732333
2018-11-14T16:03:45.0000000,6086,6086.88,0.02564794,2.70646565
2018-11-14T16:03:45.0000000,6086,6086.88,0.02564794,2.278
2018-11-14T16:03:45.0000000,6086,6086.88,0.02564794,1.958
2018-11-14T16:03:46.0000000,6086,6086.88,0.02564794,1.9539051
11/14/2018 16:03:46,6086,6086.88,0.02564794,1.9539051,7327369574,11/14/2018 16:03:46,sell,0.00409490,6086.88000000
2018-11-14T16:03:46.0000000,6086.02,6086.88,0.02564794,1.9539051
2018-11-14T16:03:46.0000000,6086.02,6086.88,0,1.9539051
2018-11-14T16:03:46.0000000,6086.02,6086.88,0,0
2018-11-14T16:03:47.0000000,6086.02,6086.88,0,1.954
2018-11-14T16:03:47.0000000,6086.02,6086.88,0,0
11/14/2018 16:03:47,6086.02,6086.88,0,0,7327369704,11/14/2018 16:03:47,sell,0.11465785,6086.86000000
2018-11-14T16:03:47.0000000,6086.03,6086.86,0,0
2018-11-14T16:03:47.0000000,6086.03,6086.86,0,0.88534215
2018-11-14T16:03:47.0000000,6086.03,6086.86,0,2.83934215
2018-11-14T16:03:47.0000000,6086.03,6086.86,0,0.88534215
2018-11-14T16:03:47.0000000,6086.03,6086.86,0,0
2018-11-14T16:03:49.0000000,6086.03,6086.86,0,0
11/14/2018 16:03:49,6086.03,6086.86,0,0,7327369949,11/14/2018 16:03:49,buy,0.00198196,6086.03000000
2018-11-14T16:03:49.0000000,6086,6086.04,0,0
2018-11-14T16:03:49.0000000,6086,6086.04,0.01,0
11/14/2018 16:03:49,6086,6086.04,0.01,0,7327369951,11/14/2018 16:03:49,buy,0.01564794,6086.00000000
2018-11-14T16:03:49.0000000,6086,6086.04,0,0
11/14/2018 16:03:49,6086,6086.04,0,0,7327369953,11/14/2018 16:03:49,buy,0.01000000,6086.00000000
11/14/2018 16:03:49,6086,6086.04,0,0,7327369955,11/14/2018 16:03:49,buy,0.00100000,6085.32000000
11/14/2018 16:03:49,6086,6086.04,0,0,7327369957,11/14/2018 16:03:49,buy,0.15000000,6085.00000000
11/14/2018 16:03:49,6086,6086.04,0,0,7327369959,11/14/2018 16:03:49,buy,0.16269516,6085.00000000
11/14/2018 16:03:49,6086,6086.04,0,0,7327369961,11/14/2018 16:03:49,buy,0.10682005,6085.00000000
11/14/2018 16:03:49,6086,6086.04,0,0,7327369963,11/14/2018 16:03:49,buy,0.33000000,6085.00000000
11/14/2018 16:03:49,6086,6086.04,0,0,7327369965,11/14/2018 16:03:49,buy,0.01371647,6085.00000000
11/14/2018 16:03:49,6086,6086.04,0,0,7327369967,11/14/2018 16:03:49,buy,0.01000000,6084.96000000
2018-11-14T16:03:49.0000000,6084.38,6086.04,0,0
2018-11-14T16:03:49.0000000,6084.38,6086.04,0,0
11/14/2018 16:03:49,6084.38,6086.04,0,0,7327369969,11/14/2018 16:03:49,buy,0.00100000,6084.38000000
11/14/2018 16:03:49,6084.38,6086.04,0,0,7327369971,11/14/2018 16:03:49,buy,0.20225431,6084.07000000
2018-11-14T16:03:49.0000000,6084.38,6086.04,0,2.274
2018-11-14T16:03:49.0000000,6084.07,6086.03,0,2.274
2018-11-14T16:03:49.0000000,6084.07,6086.03,0,0
2018-11-14T16:03:49.0000000,6084.07,6086.03,0,0
11/14/2018 16:03:49,6084.07,6086.03,0,0,7327369995,11/14/2018 16:03:49,buy,0.01752383,6082.93000000
2018-11-14T16:03:49.0000000,6082.93,6086.14,0,0
2018-11-14T16:03:49.0000000,6082.93,6086.14,0,0
11/14/2018 16:03:54,6082.93,6086.14,0,0,7327370387,11/14/2018 16:03:54,sell,0.08053296,6084.64000000
2018-11-14T16:03:54.0000000,6082.19,6083.96,0,0
11/14/2018 16:03:54,6082.19,6083.96,0,0,7327370398,11/14/2018 16:03:54,sell,0.00850221,6083.30000000
2018-11-14T16:03:54.0000000,6082.2,6083.3,0,0
2018-11-14T16:03:54.0000000,6082.2,6083.3,0,0
2018-11-14T16:03:54.0000000,6082.2,6083.3,7.541,0
2018-11-14T16:03:54.0000000,6082.2,6083.3,0.041,0
2018-11-14T16:03:54.0000000,6082.2,6083.3,0,0
11/14/2018 16:03:55,6082.2,6083.3,0,0,7327370619,11/14/2018 16:03:55,buy,0.04100000,6080.68000000
2018-11-14T16:03:55.0000000,6080.67,6084.62,0,0
2018-11-14T16:03:55.0000000,6080.67,6084.62,2.40564166,0
11/14/2018 16:03:55,6080.67,6084.62,2.40564166,0,7327370621,11/14/2018 16:03:55,buy,0.10900000,6080.67000000
2018-11-14T16:03:55.0000000,6080.67,6084.62,2.40564166,0
2018-11-14T16:03:55.0000000,6080.67,6084.62,2.40564166,1.27828379
2018-11-14T16:03:55.0000000,6080.67,6084.62,2.40564166,1.27525791
11/14/2018 16:03:55,6080.67,6084.62,2.40564166,1.27525791,7327370665,11/14/2018 16:03:55,sell,0.00302588,6084.62000000
2018-11-14T16:03:55.0000000,6080.67,6084.62,2.40564166,1.27525791
2018-11-14T16:03:55.0000000,6080.67,6084.62,2.40564166,0.27525791
2018-11-14T16:03:55.0000000,6080.67,6084.62,2.40564166,2.22925791
2018-11-14T16:03:55.0000000,6080.67,6084.62,2.40564166,0.27525791
2018-11-14T16:03:56.0000000,6080.67,6084.62,2.36564166,0.27525791
11/14/2018 16:03:56,6080.67,6084.62,2.36564166,0.27525791,7327370767,11/14/2018 16:03:56,buy,0.04000000,6080.67000000
2018-11-14T16:03:56.0000000,6080.67,6083.14,2.36564166,0.27525791
2018-11-14T16:03:56.0000000,6080.67,6083.14,0.01464166,0.27525791
11/14/2018 16:03:56,6080.67,6083.14,0.01464166,0.27525791,7327370803,11/14/2018 16:03:56,sell,0.32214560,6082.48000000
2018-11-14T16:03:56.0000000,6080.67,6082.48,0.01464166,0.27525791
2018-11-14T16:03:57.0000000,6080.67,6082.48,0.01464166,2.6318544
2018-11-14T16:03:57.0000000,6080.67,6082.48,0.01464166,0.6778544
11/14/2018 16:03:57,6080.67,6082.48,0.01464166,0.6778544,7327370946,11/14/2018 16:03:57,sell,1.00000000,6080.68000000
2018-11-14T16:03:57.0000000,6080.67,6082.48,0.33464166,0.6778544
2018-11-14T16:03:57.0000000,6080.67,6080.68,0.33464166,0.6778544
2018-11-14T16:03:57.0000000,6080.67,6080.68,0.33464166,0
2018-11-14T16:03:57.0000000,6080.67,6080.68,0.33464166,1.954
2018-11-14T16:03:57.0000000,6080.67,6080.68,2.33464166,1.954
2018-11-14T16:03:57.0000000,6080.67,6080.68,2.33464166,2.954
2018-11-14T16:03:58.0000000,6080.67,6080.68,2.33464166,1.954
2018-11-14T16:03:58.0000000,6080.67,6080.68,2.32359152,1.954
11/14/2018 16:03:58,6080.67,6080.68,2.32359152,1.954,7327371070,11/14/2018 16:03:58,buy,0.01105014,6080.67000000
2018-11-14T16:03:58.0000000,6080.67,6080.68,2.32359152,1.954
2018-11-14T16:03:58.0000000,6080.67,6080.68,0.32359152,1.954
2018-11-14T16:03:58.0000000,6080.67,6080.68,0.32359152,2.80332333
2018-11-14T16:03:58.0000000,6080.67,6080.68,0.32359152,3.12332333
2018-11-14T16:03:58.0000000,6080.67,6080.68,0.32359152,3.10747373
11/14/2018 16:03:58,6080.67,6080.68,0.32359152,3.10747373,7327371096,11/14/2018 16:03:58,sell,0.01584960,6080.68000000
2018-11-14T16:03:58.0000000,6080.67,6080.68,0.32359152,3.10747373
2018-11-14T16:03:58.0000000,6080.67,6080.68,0.32359152,3.90747373
2018-11-14T16:03:58.0000000,6080.67,6080.68,0.00359152,3.90747373
2018-11-14T16:03:58.0000000,6080.67,6080.68,0.00359152,4.90747373
2018-11-14T16:03:59.0000000,6080.67,6080.68,0.00359152,3.90747373
2018-11-14T16:04:00.0000000,6080.67,6080.68,0.00359152,4.18109619
2018-11-14T16:04:01.0000000,6080.67,6080.68,0.00359152,5.18109619
2018-11-14T16:04:01.0000000,6080.67,6080.68,0.00359152,4.18109619
2018-11-14T16:04:01.0000000,6080.67,6080.68,0.00359152,6.92209619
2018-11-14T16:04:01.0000000,6080.67,6080.68,0.00359152,4.18109619
2018-11-14T16:04:01.0000000,6080.67,6080.68,0.00359152,6.68109619
2018-11-14T16:04:01.0000000,6080.67,6080.68,0.00359152,6.64082799
11/14/2018 16:04:01,6080.67,6080.68,0.00359152,6.64082799,7327371381,11/14/2018 16:04:01,sell,0.04026820,6080.68000000
2018-11-14T16:04:01.0000000,6080.67,6080.68,0.00359152,6.64082799
2018-11-14T16:04:02.0000000,6080.67,6080.68,0.00359152,7.64082799
2018-11-14T16:04:02.0000000,6080.67,6080.68,0.00359152,6.64082799
2018-11-14T16:04:02.0000000,6080.67,6080.68,0.00359152,6.62274956
11/14/2018 16:04:02,6080.67,6080.68,0.00359152,6.62274956,7327371412,11/14/2018 16:04:02,sell,0.01807843,6080.68000000
2018-11-14T16:04:02.0000000,6080.67,6080.68,0.00359152,6.62274956
2018-11-14T16:04:02.0000000,6080.67,6080.68,0.00359152,7.62274956
2018-11-14T16:04:02.0000000,6080.67,6080.68,0.00359152,7.61490124
11/14/2018 16:04:02,6080.67,6080.68,0.00359152,7.61490124,7327371452,11/14/2018 16:04:02,sell,0.00784832,6080.68000000
2018-11-14T16:04:02.0000000,6080.67,6080.68,0.00359152,7.61490124
2018-11-14T16:04:03.0000000,6080.67,6080.68,0.00359152,8.61490124
2018-11-14T16:04:04.0000000,6080.67,6080.68,0.00359152,8.68490124
2018-11-14T16:04:04.0000000,6080.67,6080.68,0.00359152,8.61490124
2018-11-14T16:04:05.0000000,6080.67,6080.68,0.00359152,6.11490124
2018-11-14T16:04:05.0000000,6080.67,6080.68,0.00359152,5.11490124
2018-11-14T16:04:05.0000000,6080.67,6080.68,0.00000152,5.11490124
11/14/2018 16:04:05,6080.67,6080.68,0.00000152,5.11490124,7327371623,11/14/2018 16:04:05,buy,0.00359000,6080.67000000
2018-11-14T16:04:05.0000000,6080.67,6080.68,0.00000152,5.11490124
2018-11-14T16:04:05.0000000,6080.67,6080.68,0,5.11490124
11/14/2018 16:04:05,6080.67,6080.68,0,5.11490124,7327371673,11/14/2018 16:04:05,buy,0.00000152,6080.67000000
11/14/2018 16:04:05,6080.67,6080.68,0,5.11490124,7327371675,11/14/2018 16:04:05,buy,0.00149848,6080.66000000
2018-11-14T16:04:05.0000000,6080.66,6080.68,0,5.11490124
2018-11-14T16:04:05.0000000,6080.66,6080.68,0,4.26557791
2018-11-14T16:04:05.0000000,6080.66,6080.68,0,3.46557791
2018-11-14T16:04:05.0000000,6080.66,6080.68,0,3.53557791
2018-11-14T16:04:05.0000000,6080.66,6080.68,0,1.66362246
2018-11-14T16:04:05.0000000,6080.66,6080.68,0,1.66362246
11/14/2018 16:04:05,6080.66,6080.68,0,1.66362246,7327371706,11/14/2018 16:04:05,buy,0.00000162,6080.66000000
11/14/2018 16:04:05,6080.66,6080.68,0,1.66362246,7327371708,11/14/2018 16:04:05,buy,1.00000000,6080.00000000
11/14/2018 16:04:05,6080.66,6080.68,0,1.66362246,7327371710,11/14/2018 16:04:05,buy,0.02477838,6080.00000000
2018-11-14T16:04:05.0000000,6080,6080.67,0,1.66362246
2018-11-14T16:04:05.0000000,6080,6080.67,0,7.63714412
2018-11-14T16:04:05.0000000,6080,6080.67,0,6.83714412
2018-11-14T16:04:05.0000000,6080,6080.67,0,5.372
2018-11-14T16:04:05.0000000,6080,6080.67,0,4.372
2018-11-14T16:04:05.0000000,6080,6080.67,0,2.5
11/14/2018 16:04:05,6080,6080.67,0,2.5,7327371746,11/14/2018 16:04:05,sell,0.32194616,6080.01000000
2018-11-14T16:04:05.0000000,6080,6080.01,0,2.5
2018-11-14T16:04:05.0000000,6080,6080.01,0,4.66452128
2018-11-14T16:04:05.0000000,6080,6080.01,0,4.75452128
2018-11-14T16:04:06.0000000,6080,6080.01,0,5.01889375
2018-11-14T16:04:06.0000000,6080,6080.01,0,5.09889375
2018-11-14T16:04:06.0000000,6080,6080.01,0,6.09889375
2018-11-14T16:04:06.0000000,6080,6080.01,0,5.66040763
11/14/2018 16:04:06,6080,6080.01,0,5.66040763,7327371809,11/14/2018 16:04:06,sell,0.43848612,6080.01000000
2018-11-14T16:04:06.0000000,6080,6080.01,0,6.03040763
2018-11-14T16:04:06.0000000,6080,6080.01,0,6.03040763
2018-11-14T16:04:06.0000000,6080,6080.01,0,5.76603516
2018-11-14T16:04:06.0000000,6080,6080.01,0,4.76603516
2018-11-14T16:04:07.0000000,6080,6080.01,0,4.78603516
2018-11-14T16:04:07.0000000,6080,6080.01,0,4.76603516
2018-11-14T16:04:07.0000000,6080,6080.01,0,4.76603516
11/14/2018 16:04:07,6080,6080.01,0,4.76603516,7327371863,11/14/2018 16:04:07,buy,0.00000575,6080.00000000
2018-11-14T16:04:07.0000000,6079.61,6080.01,0,4.76603516
2018-11-14T16:04:07.0000000,6079.61,6080.01,0,4.76603516
11/14/2018 16:04:07,6079.61,6080.01,0,4.76603516,7327371865,11/14/2018 16:04:07,buy,0.01000000,6079.61000000
2018-11-14T16:04:07.0000000,6079.41,6080.01,0,4.76603516
2018-11-14T16:04:07.0000000,6079.41,6080.01,0,4.76603516
11/14/2018 16:04:07,6079.41,6080.01,0,4.76603516,7327371867,11/14/2018 16:04:07,buy,0.00100000,6079.41000000
11/14/2018 16:04:07,6079.41,6080.01,0,4.76603516,7327371869,11/14/2018 16:04:07,buy,0.00100000,6079.37000000
11/14/2018 16:04:07,6079.41,6080.01,0,4.76603516,7327371871,11/14/2018 16:04:07,buy,0.00142527,6077.01000000
11/14/2018 16:04:07,6079.41,6080.01,0,4.76603516,7327371873,11/14/2018 16:04:07,buy,0.00100000,6076.00000000
11/14/2018 16:04:07,6079.41,6080.01,0,4.76603516,7327371875,11/14/2018 16:04:07,buy,0.10000000,6075.59000000
2018-11-14T16:04:07.0000000,6075.06,6080.01,0,4.76603516
2018-11-14T16:04:07.0000000,6075.06,6080.01,1.28260164,4.76603516
11/14/2018 16:04:07,6075.06,6080.01,1.28260164,4.76603516,7327371877,11/14/2018 16:04:07,buy,1.88506898,6075.06000000
2018-11-14T16:04:07.0000000,6075.06,6080.01,1.28260164,3.91671183
2018-11-14T16:04:07.0000000,6075.06,6080.01,1.28260164,3.11671183
2018-11-14T16:04:07.0000000,6075.06,6080.01,1.28260164,3.11671183
2018-11-14T16:04:07.0000000,6075.06,6080.01,1.28260164,2.74671183
2018-11-14T16:04:07.0000000,6075.06,6080.01,1.28260164,2.042
2018-11-14T16:04:07.0000000,6075.06,6080.01,1.28260164,0.17
2018-11-14T16:04:07.0000000,6075.06,6080.01,0,0.17
2018-11-14T16:04:07.0000000,6075.06,6080.01,0,0.09
11/14/2018 16:04:07,6075.06,6080.01,0,0.09,7327371952,11/14/2018 16:04:07,sell,0.31859326,6075.05000000
2018-11-14T16:04:07.0000000,6075,6075.05,0,0.09
2018-11-14T16:04:07.0000000,6075,6075.05,0,2.35340674
2018-11-14T16:04:07.0000000,6075,6075.05,0,1.872
2018-11-14T16:04:07.0000000,6075,6075.05,0,0
2018-11-14T16:04:07.0000000,6075,6075.05,0,0.31859326
2018-11-14T16:04:07.0000000,6075,6075.05,0,0.51859326
2018-11-14T16:04:07.0000000,6075,6075.05,0,0.2
2018-11-14T16:04:07.0000000,6075,6075.05,0,0
2018-11-14T16:04:07.0000000,6075,6075.05,1.01,0
2018-11-14T16:04:08.0000000,6075,6075.05,1.01,0.2
2018-11-14T16:04:08.0000000,6075,6075.05,0.01,0.2
2018-11-14T16:04:08.0000000,6075,6075.05,0.01,0
2018-11-14T16:04:09.0000000,6075,6075.05,1.01,0
2018-11-14T16:04:09.0000000,6075,6075.05,0.01,0
2018-11-14T16:04:09.0000000,6075,6075.05,0.01,0.16
2018-11-14T16:04:09.0000000,6075,6075.05,0.01,0
11/14/2018 16:04:09,6075,6075.05,0.01,0,7327372372,11/14/2018 16:04:09,buy,0.09190634,6075.07000000
2018-11-14T16:04:09.0000000,6075.07,6077.49,0.01,0
2018-11-14T16:04:10.0000000,6075.07,6077.49,0.01,2.872
2018-11-14T16:04:10.0000000,6075.07,6077.49,0.01,2.73824467
11/14/2018 16:04:10,6075.07,6077.49,0.01,2.73824467,7327372442,11/14/2018 16:04:10,sell,0.13375533,6077.49000000
2018-11-14T16:04:10.0000000,6075.09,6077.49,0.01,2.73824467
2018-11-14T16:04:10.0000000,6075.09,6077.49,0.01,0.86624467
2018-11-14T16:04:10.0000000,6075.09,6077.49,0.01,2.73824467
2018-11-14T16:04:10.0000000,6075.09,6077.49,0.01,0.86624467
2018-11-14T16:04:10.0000000,6075.09,6077.49,0,0.86624467
11/14/2018 16:04:10,6075.09,6077.49,0,0.86624467,7327372519,11/14/2018 16:04:10,buy,0.01023590,6075.08000000
11/14/2018 16:04:10,6075.09,6077.49,0,0.86624467,7327372521,11/14/2018 16:04:10,buy,0.00203258,6075.04000000
11/14/2018 16:04:10,6075.09,6077.49,0,0.86624467,7327372523,11/14/2018 16:04:10,buy,0.01000000,6075.00000000
2018-11-14T16:04:10.0000000,6074.25,6075,0,0.86624467
2018-11-14T16:04:11.0000000,6074.25,6075,0,0.86624467
2018-11-14T16:04:11.0000000,6074.25,6075,0,1.98391452
2018-11-14T16:04:12.0000000,6074.25,6075,0,1.98227815
11/14/2018 16:04:12,6074.25,6075,0,1.98227815,7327372747,11/14/2018 16:04:12,sell,0.00163637,6075.00000000
2018-11-14T16:04:12.0000000,6074.99,6075,0,1.98227815
2018-11-14T16:04:12.0000000,6074.99,6075,3.29335114,1.98227815
2018-11-14T16:04:12.0000000,6074.99,6075,3.38335114,1.98227815
2018-11-14T16:04:12.0000000,6074.99,6075,3.38335114,1.97900541
11/14/2018 16:04:12,6074.99,6075,3.38335114,1.97900541,7327372792,11/14/2018 16:04:12,sell,0.00327274,6075.00000000
2018-11-14T16:04:12.0000000,6074.99,6075,3.38335114,1.97900541
2018-11-14T16:04:13.0000000,6074.99,6075,3.38335114,1.96288225
11/14/2018 16:04:13,6074.99,6075,3.38335114,1.96288225,7327372803,11/14/2018 16:04:13,sell,0.01612316,6075.00000000
2018-11-14T16:04:13.0000000,6074.99,6075,3.38335114,1.96288225
2018-11-14T16:04:13.0000000,6074.99,6075,3.38335114,1.94675909
11/14/2018 16:04:13,6074.99,6075,3.38335114,1.94675909,7327372815,11/14/2018 16:04:13,sell,0.01612316,6075.00000000
2018-11-14T16:04:13.0000000,6074.99,6075,3.38335114,1.94675909
2018-11-14T16:04:13.0000000,6074.99,6075,3.54335114,1.94675909
2018-11-14T16:04:13.0000000,6074.99,6075,3.54335114,0.07475909
2018-11-14T16:04:13.0000000,6074.99,6075,11.04335114,0.07475909
2018-11-14T16:04:13.0000000,6074.99,6075,13.54335114,0.07475909
2018-11-14T16:04:13.0000000,6074.99,6075,13.19771704,0.07475909
11/14/2018 16:04:13,6074.99,6075,13.19771704,0.07475909,7327372889,11/14/2018 16:04:13,buy,0.34563410,6074.99000000
2018-11-14T16:04:13.0000000,6074.99,6075,13.19771704,0.07475909
2018-11-14T16:04:13.0000000,6074.99,6075,13.39771704,0.07475909
2018-11-14T16:04:14.0000000,6074.99,6075,10.89771704,0.07475909
2018-11-14T16:04:14.0000000,6074.99,6075,11.24335114,0.07475909
2018-11-14T16:04:14.0000000,6074.99,6075,11.24335114,0.32003729
2018-11-14T16:04:14.0000000,6074.99,6075,11.24335114,0.31381744
11/14/2018 16:04:14,6074.99,6075,11.24335114,0.31381744,7327372975,11/14/2018 16:04:14,sell,0.00621985,6075.00000000
2018-11-14T16:04:14.0000000,6074.99,6075,11.24335114,0.31381744
2018-11-14T16:04:14.0000000,6074.99,6075,13.74335114,0.31381744
2018-11-14T16:04:14.0000000,6074.99,6075,13.54335114,0.31381744
2018-11-14T16:04:14.0000000,6074.99,6075,13.74335114,0.31381744
2018-11-14T16:04:14.0000000,6074.99,6075,14.74335114,0.31381744
2018-11-14T16:04:15.0000000,6074.99,6075,12.24335114,0.31381744
2018-11-14T16:04:15.0000000,6074.99,6075,11.24335114,0.31381744
2018-11-14T16:04:15.0000000,6074.99,6075,12.24335114,0.31381744
2018-11-14T16:04:15.0000000,6074.99,6075,11.24335114,0.31381744
2018-11-14T16:04:15.0000000,6074.99,6075,11.04335114,0.31381744
2018-11-14T16:04:15.0000000,6074.99,6075,12.04335114,0.31381744
2018-11-14T16:04:15.0000000,6074.99,6075,12.04335114,0.297943
11/14/2018 16:04:15,6074.99,6075,12.04335114,0.297943,7327373094,11/14/2018 16:04:15,sell,0.01587444,6075.00000000
2018-11-14T16:04:15.0000000,6074.99,6075,12.04335114,0.297943
2018-11-14T16:04:15.0000000,6074.99,6075,11.04335114,0.297943
2018-11-14T16:04:15.0000000,6074.99,6075,12.04335114,0.297943
2018-11-14T16:04:15.0000000,6074.99,6075,11.04335114,0.297943
2018-11-14T16:04:15.0000000,6074.99,6075,11.04335114,0.2452782
11/14/2018 16:04:15,6074.99,6075,11.04335114,0.2452782,7327373139,11/14/2018 16:04:15,sell,0.05266480,6075.00000000
2018-11-14T16:04:15.0000000,6074.99,6075,11.04335114,0.2452782
2018-11-14T16:04:15.0000000,6074.99,6075,11.04335114,0.23496664
11/14/2018 16:04:15,6074.99,6075,11.04335114,0.23496664,7327373141,11/14/2018 16:04:15,sell,0.01031156,6075.00000000
2018-11-14T16:04:15.0000000,6074.99,6075,11.04335114,0.23496664
2018-11-14T16:04:15.0000000,6074.99,6075,9.38898524,0.23496664
2018-11-14T16:04:15.0000000,6074.99,6075,9.04335114,0.23496664
2018-11-14T16:04:15.0000000,6074.99,6075,10.33445162,0.23496664
2018-11-14T16:04:16.0000000,6074.99,6075,2.83445162,0.23496664
2018-11-14T16:04:16.0000000,6074.99,6075,2.67445162,0.23496664
2018-11-14T16:04:16.0000000,6074.99,6075,2.67445162,1.42992407
2018-11-14T16:04:16.0000000,6074.99,6075,2.67445162,3.30192407
2018-11-14T16:04:16.0000000,6074.99,6075,2.67445162,3.78333081
2018-11-14T16:04:16.0000000,6074.99,6075,2.67445162,3.30192407
2018-11-14T16:04:16.0000000,6074.99,6075,2.44428844,3.30192407
11/14/2018 16:04:16,6074.99,6075,2.44428844,3.30192407,7327373256,11/14/2018 16:04:16,buy,0.23016318,6074.99000000
2018-11-14T16:04:16.0000000,6074.99,6075,2.44428844,3.30192407
2018-11-14T16:04:17.0000000,6074.99,6075,2.44428844,3.06695743
11/14/2018 16:04:17,6074.99,6075,2.44428844,3.06695743,7327373279,11/14/2018 16:04:17,sell,0.23496664,6075.00000000
2018-11-14T16:04:17.0000000,6074.99,6075,2.44428844,3.06695743
2018-11-14T16:04:17.0000000,6074.99,6075,2.44428844,2.80192407
11/14/2018 16:04:17,6074.99,6075,2.44428844,2.80192407,7327373281,11/14/2018 16:04:17,sell,0.26503336,6075.00000000
2018-11-14T16:04:17.0000000,6074.99,6075,2.44428844,2.80192407
2018-11-14T16:04:17.0000000,6074.99,6075,2.44428844,2.80044892
11/14/2018 16:04:17,6074.99,6075,2.44428844,2.80044892,7327373302,11/14/2018 16:04:17,sell,0.00147515,6075.00000000
2018-11-14T16:04:17.0000000,6074.99,6075,2.44428844,2.80044892
2018-11-14T16:04:17.0000000,6074.99,6075,2.4342965,2.80044892
11/14/2018 16:04:17,6074.99,6075,2.4342965,2.80044892,7327373318,11/14/2018 16:04:17,buy,0.00999194,6074.99000000
2018-11-14T16:04:17.0000000,6074.99,6075,2.4342965,2.80044892
2018-11-14T16:04:17.0000000,6074.99,6075,2.43552191,2.80044892
2018-11-14T16:04:18.0000000,6074.99,6075,2.43552191,3.08978435
2018-11-14T16:04:19.0000000,6074.99,6075,2.43552191,3.08192397
11/14/2018 16:04:19,6074.99,6075,2.43552191,3.08192397,7327373506,11/14/2018 16:04:19,sell,0.00786038,6075.00000000
2018-11-14T16:04:19.0000000,6074.99,6075,2.43552191,3.08192397
2018-11-14T16:04:20.0000000,6074.99,6075,2.43552191,5.82292397
2018-11-14T16:04:20.0000000,6074.99,6075,2.43552191,3.08192397
2018-11-14T16:04:20.0000000,6074.99,6075,2.43552191,2.16133543
11/14/2018 16:04:20,6074.99,6075,2.43552191,2.16133543,7327373575,11/14/2018 16:04:20,sell,0.92058854,6075.00000000
2018-11-14T16:04:20.0000000,6074.99,6075,2.43552191,2.08173852
11/14/2018 16:04:20,6074.99,6075,2.43552191,2.08173852,7327373577,11/14/2018 16:04:20,sell,0.07959691,6075.00000000
2018-11-14T16:04:20.0000000,6074.99,6075,2.43552191,2.08173852
2018-11-14T16:04:20.0000000,6074.99,6075,2.34552191,2.08173852
2018-11-14T16:04:20.0000000,6074.99,6075,2.34552191,2.51173852
2018-11-14T16:04:20.0000000,6074.99,6075,2.34552191,2.08173852
2018-11-14T16:04:21.0000000,6074.99,6075,2.43552191,2.08173852
2018-11-14T16:04:21.0000000,6074.99,6075,2.43552191,2.56314526
2018-11-14T16:04:21.0000000,6074.99,6075,2.43552191,2.54897496
11/14/2018 16:04:21,6074.99,6075,2.43552191,2.54897496,7327373677,11/14/2018 16:04:21,sell,0.01417030,6075.00000000
2018-11-14T16:04:21.0000000,6074.99,6075,2.43552191,2.54897496
2018-11-14T16:04:21.0000000,6074.99,6075,2.43552191,2.06756822
2018-11-14T16:04:21.0000000,6074.99,6075,2.43552191,2.54897496
2018-11-14T16:04:21.0000000,6074.99,6075,2.43552191,2.53718521
11/14/2018 16:04:21,6074.99,6075,2.43552191,2.53718521,7327373728,11/14/2018 16:04:21,sell,0.01178975,6075.00000000
2018-11-14T16:04:21.0000000,6074.99,6075,2.43552191,2.53718521
2018-11-14T16:04:22.0000000,6074.99,6075,2.43552191,2.05577847
2018-11-14T16:04:23.0000000,6074.99,6075,2.43552191,2.13577847
2018-11-14T16:04:23.0000000,6074.99,6075,2.43552191,2.05577847
2018-11-14T16:04:23.0000000,6074.99,6075,2.43552191,2.53718521
2018-11-14T16:04:23.0000000,6074.99,6075,2.43552191,2.05577847
2018-11-14T16:04:24.0000000,6074.99,6075,2.43155149,2.05577847
11/14/2018 16:04:24,6074.99,6075,2.43155149,2.05577847,7327373903,11/14/2018 16:04:24,buy,0.00397042,6074.99000000
2018-11-14T16:04:24.0000000,6074.99,6075,2.43155149,2.05577847
2018-11-14T16:04:25.0000000,6074.99,6075,2.43155149,2.05446704
11/14/2018 16:04:25,6074.99,6075,2.43155149,2.05446704,7327373992,11/14/2018 16:04:25,sell,0.00131143,6075.00000000
2018-11-14T16:04:25.0000000,6074.99,6075,2.43155149,2.05446704
2018-11-14T16:04:26.0000000,6074.99,6075,2.43155149,2.53587378
2018-11-14T16:04:26.0000000,6074.99,6075,2.43155149,2.53908333
2018-11-14T16:04:26.0000000,6074.99,6075,2.43155149,2.53752714
11/14/2018 16:04:26,6074.99,6075,2.43155149,2.53752714,7327374115,11/14/2018 16:04:26,sell,0.00155619,6075.00000000
2018-11-14T16:04:26.0000000,6074.99,6075,2.43155149,2.53752714
2018-11-14T16:04:27.0000000,6074.99,6075,4.93155149,2.53752714
2018-11-14T16:04:27.0000000,6074.99,6075,5.93155149,2.53752714
2018-11-14T16:04:27.0000000,6074.99,6075,5.93155149,2.0561204
2018-11-14T16:04:27.0000000,6074.99,6075,4.93155149,2.0561204
2018-11-14T16:04:28.0000000,6074.99,6075,4.93155149,2.026392
11/14/2018 16:04:28,6074.99,6075,4.93155149,2.026392,7327374192,11/14/2018 16:04:28,sell,0.02972840,6075.00000000
2018-11-14T16:04:28.0000000,6074.99,6075,4.93155149,2.026392
2018-11-14T16:04:28.0000000,6074.99,6075,2.43155149,2.026392
2018-11-14T16:04:28.0000000,6074.99,6075,2.43155149,1.86500634
11/14/2018 16:04:28,6074.99,6075,2.43155149,1.86500634,7327374205,11/14/2018 16:04:28,sell,0.16138566,6075.00000000
2018-11-14T16:04:28.0000000,6074.99,6075,2.43155149,1.86500634
2018-11-14T16:04:28.0000000,6074.99,6075,3.43155149,1.86500634
2018-11-14T16:04:28.0000000,6074.99,6075,3.43155149,2.86500634
2018-11-14T16:04:28.0000000,6074.99,6075,2.43155149,2.86500634
2018-11-14T16:04:28.0000000,6074.99,6075,3.43155149,2.86500634
2018-11-14T16:04:28.0000000,6074.99,6075,5.93155149,2.86500634
2018-11-14T16:04:28.0000000,6074.99,6075,5.93155149,1.86500634
2018-11-14T16:04:28.0000000,6074.99,6075,5.93155149,1.86353059
11/14/2018 16:04:28,6074.99,6075,5.93155149,1.86353059,7327374296,11/14/2018 16:04:28,sell,0.00147575,6075.00000000
2018-11-14T16:04:28.0000000,6074.99,6075,5.93155149,1.86353059
2018-11-14T16:04:28.0000000,6074.99,6075,4.93155149,1.86353059
2018-11-14T16:04:29.0000000,6074.99,6075,4.93155149,1.81632292
11/14/2018 16:04:29,6074.99,6075,4.93155149,1.81632292,7327374329,11/14/2018 16:04:29,sell,0.04720767,6075.00000000
2018-11-14T16:04:29.0000000,6074.99,6075,4.93155149,1.81632292
2018-11-14T16:04:29.0000000,6074.99,6075,5.93155149,1.81632292
2018-11-14T16:04:29.0000000,6074.99,6075,5.93155149,0.29254498
2018-11-14T16:04:29.0000000,6074.99,6075,13.43155149,0.29254498
2018-11-14T16:04:29.0000000,6074.99,6075,5.93155149,0.29254498
2018-11-14T16:04:29.0000000,6074.99,6075,13.43155149,0.29254498
2018-11-14T16:04:30.0000000,6074.99,6075,5.93155149,0.29254498
2018-11-14T16:04:30.0000000,6074.99,6075,4.93155149,0.29254498
2018-11-14T16:04:30.0000000,6074.99,6075,4.93155149,1.81654498
2018-11-14T16:04:30.0000000,6074.99,6075,4.93155149,0.29254498
2018-11-14T16:04:30.0000000,6074.99,6075,4.93155149,0.26346321
11/14/2018 16:04:30,6074.99,6075,4.93155149,0.26346321,7327374431,11/14/2018 16:04:30,sell,0.02908177,6075.00000000
2018-11-14T16:04:30.0000000,6074.99,6075,4.93155149,0.26346321
2018-11-14T16:04:30.0000000,6074.99,6075,4.93155149,1.78746321
2018-11-14T16:04:31.0000000,6074.99,6075,4.89515558,1.78746321
11/14/2018 16:04:31,6074.99,6075,4.89515558,1.78746321,7327374464,11/14/2018 16:04:31,buy,0.03639591,6074.99000000
2018-11-14T16:04:31.0000000,6074.99,6075,4.89515558,1.78746321
2018-11-14T16:04:32.0000000,6074.99,6075,5.89515558,1.78746321
2018-11-14T16:04:32.0000000,6074.99,6075,4.89515558,1.78746321
2018-11-14T16:04:32.0000000,6074.99,6075,5.89515558,1.78746321
2018-11-14T16:04:32.0000000,6074.99,6075,3.39515558,1.78746321
2018-11-14T16:04:32.0000000,6074.99,6075,2.39515558,1.78746321
2018-11-14T16:04:32.0000000,6074.99,6075,3.39515558,1.78746321
2018-11-14T16:04:32.0000000,6074.99,6075,5.89515558,1.78746321
2018-11-14T16:04:33.0000000,6074.99,6075,5.89515558,1.73784955
11/14/2018 16:04:33,6074.99,6075,5.89515558,1.73784955,7327374643,11/14/2018 16:04:33,sell,0.04961366,6075.00000000
2018-11-14T16:04:33.0000000,6074.99,6075,5.89515558,1.73784955
2018-11-14T16:04:33.0000000,6074.99,6075,4.89515558,1.73784955
2018-11-14T16:04:33.0000000,6074.99,6075,5.89515558,1.73784955
2018-11-14T16:04:33.0000000,6074.99,6075,5.89515558,0.21384955
2018-11-14T16:04:33.0000000,6074.99,6075,13.39515558,0.21384955
2018-11-14T16:04:33.0000000,6074.99,6075,13.59515558,0.21384955
2018-11-14T16:04:33.0000000,6074.99,6075,13.39515558,0.21384955
2018-11-14T16:04:33.0000000,6074.99,6075,13.59515558,0.21384955
2018-11-14T16:04:34.0000000,6074.99,6075,13.59515558,0.13315672
11/14/2018 16:04:34,6074.99,6075,13.59515558,0.13315672,7327374870,11/14/2018 16:04:34,sell,0.08069283,6075.00000000
2018-11-14T16:04:34.0000000,6074.99,6075,13.59515558,0.13315672
2018-11-14T16:04:34.0000000,6074.99,6075,15.59515558,0.13315672
2018-11-14T16:04:34.0000000,6074.99,6075,15.39515558,0.13315672
2018-11-14T16:04:34.0000000,6074.99,6075,15.59515558,0.13315672
2018-11-14T16:04:34.0000000,6074.99,6075,15.39515558,0.13315672
2018-11-14T16:04:34.0000000,6074.99,6075,16.49515558,0.13315672
2018-11-14T16:04:34.0000000,6074.99,6075,15.39515558,0.13315672
2018-11-14T16:04:35.0000000,6074.99,6075,15.59515558,0.13315672
2018-11-14T16:04:35.0000000,6074.99,6075,8.09515558,0.13315672
2018-11-14T16:04:35.0000000,6074.99,6075,8.09515558,1.65715672
2018-11-14T16:04:35.0000000,6074.99,6075,7.89515558,1.65715672
2018-11-14T16:04:36.0000000,6074.99,6075,7.89515558,0.13315672
2018-11-14T16:04:36.0000000,6074.99,6075,15.39515558,0.13315672
2018-11-14T16:04:36.0000000,6074.99,6075,15.59515558,0.13315672
2018-11-14T16:04:36.0000000,6074.99,6075,16.69515558,0.13315672
2018-11-14T16:04:37.0000000,6074.99,6075,16.69515558,0.00320955
2018-11-14T16:04:37.0000000,6074.99,6075,16.31465161,0.00320955
11/14/2018 16:04:37,6074.99,6075,16.31465161,0.00320955,7327375201,11/14/2018 16:04:37,buy,0.38050397,6074.99000000
2018-11-14T16:04:37.0000000,6074.99,6075,16.31465161,0.00320955
2018-11-14T16:04:37.0000000,6074.99,6075,15.75210186,0.00320955
11/14/2018 16:04:37,6074.99,6075,15.75210186,0.00320955,7327375228,11/14/2018 16:04:37,buy,0.56254975,6074.99000000
2018-11-14T16:04:37.0000000,6074.99,6075,15.75210186,0.00320955
2018-11-14T16:04:38.0000000,6074.99,6075,16.75210186,0.00320955
2018-11-14T16:04:38.0000000,6074.99,6075,16.75210186,0
11/14/2018 16:04:38,6074.99,6075,16.75210186,0,7327375269,11/14/2018 16:04:38,sell,0.00320955,6075.00000000
11/14/2018 16:04:38,6074.99,6075,16.75210186,0,7327375271,11/14/2018 16:04:38,sell,0.02829220,6075.07000000
2018-11-14T16:04:38.0000000,6074.99,6075.07,16.75210186,0
2018-11-14T16:04:38.0000000,6074.99,6075.07,16.75210186,0.0023934
11/14/2018 16:04:38,6074.99,6075.07,16.75210186,0.0023934,7327375274,11/14/2018 16:04:38,sell,0.00111440,6075.07000000
2018-11-14T16:04:38.0000000,6074.99,6075.07,16.75210186,0.0023934
2018-11-14T16:04:38.0000000,6074.99,6075.07,14.75210186,0.0023934
2018-11-14T16:04:38.0000000,6074.99,6075.07,14.72000718,0.0023934
11/14/2018 16:04:38,6074.99,6075.07,14.72000718,0.0023934,7327375279,11/14/2018 16:04:38,buy,0.03209468,6074.99000000
2018-11-14T16:04:38.0000000,6074.99,6075.07,14.72000718,0.0023934
2018-11-14T16:04:38.0000000,6074.99,6075.07,14.52000718,0.0023934
2018-11-14T16:04:38.0000000,6074.99,6075.07,14.48232589,0.0023934
2018-11-14T16:04:38.0000000,6074.99,6075.07,14.39232589,0.0023934
2018-11-14T16:04:38.0000000,6074.99,6075.07,13.29232589,0.0023934
2018-11-14T16:04:38.0000000,6074.99,6075.07,5.79232589,0.0023934
2018-11-14T16:04:38.0000000,6074.99,6075.07,4.79232589,0.0023934
2018-11-14T16:04:40.0000000,6074.99,6075.07,4.79232589,0
11/14/2018 16:04:40,6074.99,6075.07,4.79232589,0,7327375541,11/14/2018 16:04:40,sell,0.00239340,6075.07000000
11/14/2018 16:04:40,6074.99,6075.07,4.79232589,0,7327375543,11/14/2018 16:04:40,sell,0.00100000,6075.50000000
2018-11-14T16:04:40.0000000,6075.06,6075.75,4.79232589,0
2018-11-14T16:04:40.0000000,6075.06,6075.75,4.79232589,0.0003111
11/14/2018 16:04:40,6075.06,6075.75,4.79232589,0.0003111,7327375545,11/14/2018 16:04:40,sell,0.00068890,6075.75000000
2018-11-14T16:04:40.0000000,6075.06,6075.75,4.79232589,0.0003111
2018-11-14T16:04:40.0000000,6075.06,6075.75,15.07683122,0.0003111
2018-11-14T16:04:40.0000000,6075.06,6075.75,14.75823796,0.0003111
2018-11-14T16:04:40.0000000,6075.06,6075.75,14.55823796,0.0003111
2018-11-14T16:04:40.0000000,6075.06,6075.75,13.19,0.0003111
2018-11-14T16:04:40.0000000,6075.06,6075.75,13.1,0.0003111
2018-11-14T16:04:40.0000000,6075.06,6075.75,5.6,0.0003111
2018-11-14T16:04:40.0000000,6075.06,6075.75,4.6,0.0003111
2018-11-14T16:04:41.0000000,6075.06,6075.75,4.6,0
11/14/2018 16:04:41,6075.06,6075.75,4.6,0,7327375650,11/14/2018 16:04:41,sell,0.00031110,6075.75000000
2018-11-14T16:04:41.0000000,6075.74,6077.19,4.6,0
2018-11-14T16:04:41.0000000,6075.74,6077.19,4.6,0.83892544
11/14/2018 16:04:41,6075.74,6077.19,4.6,0.83892544,7327375652,11/14/2018 16:04:41,sell,0.16107456,6077.19000000
2018-11-14T16:04:41.0000000,6075.74,6077.19,4.6,0.83892544
2018-11-14T16:04:41.0000000,6075.74,6077.19,12.2,0.83892544
2018-11-14T16:04:41.0000000,6075.74,6077.19,12,0.83892544
2018-11-14T16:04:41.0000000,6075.74,6077.19,4.5,0.83892544
2018-11-14T16:04:42.0000000,6075.74,6077.19,4.5,0.83589491
11/14/2018 16:04:42,6075.74,6077.19,4.5,0.83589491,7327375829,11/14/2018 16:04:42,sell,0.00303053,6077.19000000
2018-11-14T16:04:42.0000000,6077.18,6077.19,4.5,0.83589491
2018-11-14T16:04:42.0000000,6077.18,6077.19,16.13683121,0.83589491
2018-11-14T16:04:42.0000000,6077.18,6077.19,15.13683121,0.83589491
2018-11-14T16:04:42.0000000,6077.18,6077.19,15.13683121,0
2018-11-14T16:04:42.0000000,6077.18,6077.19,13.13683121,0
2018-11-14T16:04:42.0000000,6077.18,6077.19,12.81823795,0
2018-11-14T16:04:42.0000000,6077.18,6077.19,12.65823795,0
2018-11-14T16:04:42.0000000,6077.18,6077.19,12.45823795,0
2018-11-14T16:04:42.0000000,6077.18,6077.19,11.09,0
2018-11-14T16:04:42.0000000,6077.18,6077.19,11.09,0.2
2018-11-14T16:04:42.0000000,6077.18,6077.19,11,0.2
2018-11-14T16:04:42.0000000,6077.18,6077.19,3.5,0.2
2018-11-14T16:04:42.0000000,6077.18,6077.19,3.5,0
11/14/2018 16:04:46,6077.18,6077.19,3.5,0,7327376529,11/14/2018 16:04:46,sell,0.00189188,6077.46000000
11/14/2018 16:04:46,6077.18,6077.19,3.5,0,7327376531,11/14/2018 16:04:46,sell,0.00462910,6077.46000000
11/14/2018 16:04:46,6077.18,6077.19,3.5,0,7327376533,11/14/2018 16:04:46,sell,0.00255025,6077.47000000
2018-11-14T16:04:46.0000000,6077.45,6077.48,3.5,0
2018-11-14T16:04:46.0000000,6077.45,6077.48,3.5,0
11/14/2018 16:04:46,6077.45,6077.48,3.5,0,7327376535,11/14/2018 16:04:46,sell,0.00123381,6077.48000000
2018-11-14T16:04:46.0000000,6077.45,6078.46,3.5,0
2018-11-14T16:04:46.0000000,6077.45,6078.46,3.5,0
11/14/2018 16:04:46,6077.45,6078.46,3.5,0,7327376537,11/14/2018 16:04:46,sell,0.00123375,6078.46000000
11/14/2018 16:04:46,6077.45,6078.46,3.5,0,7327376539,11/14/2018 16:04:46,sell,0.00172712,6079.12000000
11/14/2018 16:04:46,6077.45,6078.46,3.5,0,7327376541,11/14/2018 16:04:46,sell,0.00261903,6080.00000000
2018-11-14T16:04:46.0000000,6077.45,6078.46,13.55,0
2018-11-14T16:04:46.0000000,6077.45,6080,13.55,0
2018-11-14T16:04:46.0000000,6077.45,6080,13.39,0
2018-11-14T16:04:46.0000000,6077.45,6080,13.3,0
2018-11-14T16:04:46.0000000,6077.45,6080,13.1,0
2018-11-14T16:04:46.0000000,6077.45,6080,12,0
2018-11-14T16:04:47.0000000,6077.45,6080,4.5,0
2018-11-14T16:04:47.0000000,6077.45,6080,4.5,0.85265984
11/14/2018 16:04:47,6077.45,6080,4.5,0.85265984,7327376602,11/14/2018 16:04:47,sell,0.01574577,6080.00000000
2018-11-14T16:04:47.0000000,6079.99,6080,4.5,0.85265984
2018-11-14T16:04:47.0000000,6079.99,6080,15.81838715,0.85265984
2018-11-14T16:04:47.0000000,6079.99,6080,16.01838715,0.85265984
2018-11-14T16:04:47.0000000,6079.99,6080,17.01838715,0.85265984
2018-11-14T16:04:47.0000000,6079.99,6080,16.01838715,0.85265984
2018-11-14T16:04:48.0000000,6079.99,6080,16.01838715,0.77199449
11/14/2018 16:04:48,6079.99,6080,16.01838715,0.77199449,7327376792,11/14/2018 16:04:48,sell,0.08066535,6080.00000000
2018-11-14T16:04:48.0000000,6079.99,6080,16.01838715,0.77199449
2018-11-14T16:04:48.0000000,6079.99,6080,16.01838715,0.77799815
2018-11-14T16:04:48.0000000,6079.99,6080,15.78264946,0.77799815
11/14/2018 16:04:48,6079.99,6080,15.78264946,0.77799815,7327376827,11/14/2018 16:04:48,buy,0.23573769,6079.99000000
2018-11-14T16:04:48.0000000,6079.99,6080,15.78264946,0.77799815
2018-11-14T16:04:49.0000000,6079.99,6080,15.78264946,0.7770283
11/14/2018 16:04:49,6079.99,6080,15.78264946,0.7770283,7327376894,11/14/2018 16:04:49,sell,0.00096985,6080.00000000
2018-11-14T16:04:49.0000000,6079.99,6080,15.78264946,0.7770283
2018-11-14T16:04:49.0000000,6079.99,6080,15.78264946,0.75801992
11/14/2018 16:04:49,6079.99,6080,15.78264946,0.75801992,7327376896,11/14/2018 16:04:49,sell,0.01900838,6080.00000000
2018-11-14T16:04:49.0000000,6079.99,6080,15.78264946,0.75801992
2018-11-14T16:04:50.0000000,6079.99,6080,17.07268818,0.75801992
2018-11-14T16:04:51.0000000,6079.99,6080,17.07268818,0.00600366
11/14/2018 16:04:51,6079.99,6080,17.07268818,0.00600366,7327377044,11/14/2018 16:04:51,sell,0.75201626,6080.00000000
2018-11-14T16:04:51.0000000,6079.99,6080,17.07268818,0.00600366
2018-11-14T16:04:51.0000000,6079.99,6080,17.07268818,0.00001992
11/14/2018 16:04:51,6079.99,6080,17.07268818,0.00001992,7327377046,11/14/2018 16:04:51,sell,0.00598374,6080.00000000
2018-11-14T16:04:51.0000000,6079.99,6080,17.07268818,0.00001992
2018-11-14T16:04:51.0000000,6079.99,6080,17.07268818,0
11/14/2018 16:04:51,6079.99,6080,17.07268818,0,7327377051,11/14/2018 16:04:51,sell,0.00001992,6080.00000000
11/14/2018 16:04:51,6079.99,6080,17.07268818,0,7327377053,11/14/2018 16:04:51,sell,0.00098008,6080.75000000
2018-11-14T16:04:51.0000000,6079.99,6080.75,17.07268818,0
2018-11-14T16:04:51.0000000,6079.99,6080.75,17.23268818,0
2018-11-14T16:04:51.0000000,6079.99,6080.75,15.23268818,0
2018-11-14T16:04:51.0000000,6079.99,6080.75,15.07268818,0
2018-11-14T16:04:51.0000000,6079.99,6080.75,14.87268818,0
2018-11-14T16:04:51.0000000,6079.99,6080.75,13.48003872,0
2018-11-14T16:04:51.0000000,6079.99,6080.75,13.48003872,0
11/14/2018 16:04:51,6079.99,6080.75,13.48003872,0,7327377071,11/14/2018 16:04:51,sell,0.00001992,6080.75000000
11/14/2018 16:04:51,6079.99,6080.75,13.48003872,0,7327377073,11/14/2018 16:04:51,sell,0.00098008,6081.44000000
2018-11-14T16:04:51.0000000,6080.74,6081.44,13.48003872,0
2018-11-14T16:04:51.0000000,6080.74,6081.44,1.62838714,0
2018-11-14T16:04:51.0000000,6080.74,6081.44,0,0
2018-11-14T16:04:51.0000000,6080.74,6081.44,0,0
11/14/2018 16:04:51,6080.74,6081.44,0,0,7327377115,11/14/2018 16:04:51,sell,0.00001992,6081.44000000
11/14/2018 16:04:51,6080.74,6081.44,0,0,7327377117,11/14/2018 16:04:51,sell,0.27052747,6082.67000000
2018-11-14T16:04:51.0000000,6081.43,6084.96,0,0
2018-11-14T16:04:51.0000000,6081.43,6084.96,0.31859326,0
2018-11-14T16:04:51.0000000,6081.43,6084.96,0,0
2018-11-14T16:04:51.0000000,6081.43,6084.96,0,0
11/14/2018 16:04:51,6081.43,6084.96,0,0,7327377169,11/14/2018 16:04:51,sell,0.04100000,6084.93000000
2018-11-14T16:04:51.0000000,6083.03,6084.97,0,0
2018-11-14T16:04:51.0000000,6083.03,6084.97,0,0
11/14/2018 16:04:51,6083.03,6084.97,0,0,7327377171,11/14/2018 16:04:51,sell,0.91690000,6084.97000000
2018-11-14T16:04:51.0000000,6083.03,6084.92,0,0
2018-11-14T16:04:51.0000000,6083.03,6084.92,0,0
11/14/2018 16:04:51,6083.03,6084.92,0,0,7327377179,11/14/2018 16:04:51,sell,0.48140674,6084.92000000
11/14/2018 16:04:51,6083.03,6084.92,0,0,7327377181,11/14/2018 16:04:51,sell,1.10000000,6085.00000000
2018-11-14T16:04:51.0000000,6083.03,6085,0,0
2018-11-14T16:04:51.0000000,6083.03,6085,0,0.48140674
11/14/2018 16:04:51,6083.03,6085,0,0.48140674,7327377183,11/14/2018 16:04:51,sell,0.01859326,6085.00000000
2018-11-14T16:04:51.0000000,6083.03,6085,0,0.48140674
2018-11-14T16:04:51.0000000,6083.03,6085,1.73495023,0.48140674
2018-11-14T16:04:51.0000000,6083.03,6085,0.31859326,0.48140674
2018-11-14T16:04:51.0000000,6083.03,6085,0,0.48140674
2018-11-14T16:04:51.0000000,6083.03,6085,7.5,0.48140674
2018-11-14T16:04:51.0000000,6083.03,6085,0,0.48140674
2018-11-14T16:04:53.0000000,6083.03,6085,0,0.46930564
11/14/2018 16:04:53,6083.03,6085,0,0.46930564,7327377385,11/14/2018 16:04:53,sell,0.01210110,6085.00000000
2018-11-14T16:04:53.0000000,6084.99,6085,0,0.46930564
2018-11-14T16:04:53.0000000,6084.99,6085,0,0.4811117
2018-11-14T16:04:53.0000000,6084.99,6085,4.34042433,0.4811117
2018-11-14T16:04:53.0000000,6084.99,6085,4.34042433,2.0051117
2018-11-14T16:04:54.0000000,6084.99,6085,4.34042433,2.0751117
2018-11-14T16:04:54.0000000,6084.99,6085,4.34042433,1.91378258
11/14/2018 16:04:54,6084.99,6085,4.34042433,1.91378258,7327377480,11/14/2018 16:04:54,sell,0.16132912,6085.00000000
2018-11-14T16:04:54.0000000,6084.99,6085,4.34042433,1.91378258
2018-11-14T16:04:54.0000000,6084.99,6085,3.34042433,1.91378258
2018-11-14T16:04:54.0000000,6084.99,6085,2.34042433,1.91378258
2018-11-14T16:04:54.0000000,6084.99,6085,2.34042433,4.41378258
2018-11-14T16:04:54.0000000,6084.99,6085,2.34042433,5.41378258
2018-11-14T16:04:54.0000000,6084.99,6085,2.34042433,4.41378258
2018-11-14T16:04:54.0000000,6084.99,6085,2.34042433,4.49378258
2018-11-14T16:04:54.0000000,6084.99,6085,2.34042433,5.49378258
2018-11-14T16:04:54.0000000,6084.99,6085,2.34042433,5.42378258
2018-11-14T16:04:54.0000000,6084.99,6085,2.34042433,2.92378258
2018-11-14T16:04:54.0000000,6084.99,6085,0.34042433,2.92378258
2018-11-14T16:04:54.0000000,6084.99,6085,0.34042433,2.96478258
2018-11-14T16:04:54.0000000,6084.99,6085,0.34042433,1.96478258
2018-11-14T16:04:55.0000000,6084.99,6085,0.34042433,1.88478258
2018-11-14T16:04:55.0000000,6084.99,6085,0.34042433,2.88478258
2018-11-14T16:04:55.0000000,6084.99,6085,0.34042433,1.88478258
2018-11-14T16:04:55.0000000,6084.99,6085,0.34042433,1.95478258
2018-11-14T16:04:55.0000000,6084.99,6085,0.34042433,2.02478258
2018-11-14T16:04:55.0000000,6084.99,6085,0.34042433,3.02478258
2018-11-14T16:04:55.0000000,6084.99,6085,0.34042433,2.93822524
11/14/2018 16:04:55,6084.99,6085,0.34042433,2.93822524,7327377631,11/14/2018 16:04:55,sell,0.08655734,6085.00000000
2018-11-14T16:04:55.0000000,6084.99,6085,0.34042433,2.93822524
2018-11-14T16:04:55.0000000,6084.99,6085,1.44042433,2.93822524
2018-11-14T16:04:55.0000000,6084.99,6085,1.44042433,2.86822524
2018-11-14T16:04:56.0000000,6084.99,6085,1.44042433,2.79822524
2018-11-14T16:04:56.0000000,6084.99,6085,0.34042433,2.79822524
2018-11-14T16:04:57.0000000,6084.99,6085,1.62940303,2.79822524
2018-11-14T16:04:57.0000000,6084.99,6085,1.62940303,2.75722524
2018-11-14T16:04:58.0000000,6084.99,6085,1.62940303,2.74936814
11/14/2018 16:04:58,6084.99,6085,1.62940303,2.74936814,7327377793,11/14/2018 16:04:58,sell,0.00785710,6085.00000000
2018-11-14T16:04:58.0000000,6084.99,6085,1.62940303,2.74936814
2018-11-14T16:04:58.0000000,6084.99,6085,1.62940303,1.74936814
2018-11-14T16:04:58.0000000,6084.99,6085,2.62940303,1.74936814
2018-11-14T16:04:58.0000000,6084.99,6085,1.62940303,1.74936814
2018-11-14T16:04:58.0000000,6084.99,6085,1.62940303,2.74936814
2018-11-14T16:04:58.0000000,6084.99,6085,1.55940303,2.74936814
11/14/2018 16:04:58,6084.99,6085,1.55940303,2.74936814,7327377830,11/14/2018 16:04:58,buy,0.07000000,6084.99000000
2018-11-14T16:04:58.0000000,6084.99,6085,1.2889787,2.74936814
11/14/2018 16:04:58,6084.99,6085,1.2889787,2.74936814,7327377832,11/14/2018 16:04:58,buy,0.27042433,6084.99000000
2018-11-14T16:04:58.0000000,6084.99,6085,0.79350812,2.74936814
11/14/2018 16:04:58,6084.99,6085,0.79350812,2.74936814,7327377834,11/14/2018 16:04:58,buy,0.49547058,6084.99000000
2018-11-14T16:04:58.0000000,6084.99,6085,0.79350812,2.74936814
2018-11-14T16:04:58.0000000,6084.99,6085,0,2.74936814
11/14/2018 16:04:58,6084.99,6085,0,2.74936814,7327377856,11/14/2018 16:04:58,buy,0.79350812,6084.99000000
2018-11-14T16:04:58.0000000,6084.99,6085,0.20649188,2.74936814
2018-11-14T16:04:58.0000000,6083.54,6084.99,0.20649188,2.74936814
2018-11-14T16:04:58.0000000,6083.54,6084.99,0,2.74936814
2018-11-14T16:04:58.0000000,6083.54,6084.99,0,0
11/14/2018 16:04:58,6083.54,6084.99,0,0,7327377930,11/14/2018 16:04:58,sell,0.00163912,6082.58000000
2018-11-14T16:04:58.0000000,6080.6,6082.58,0,0
2018-11-14T16:04:58.0000000,6080.6,6082.58,0,0
2018-11-14T16:04:58.0000000,6080.6,6082.58,0.2,0
2018-11-14T16:04:58.0000000,6080.6,6082.58,0,0
2018-11-14T16:04:58.0000000,6080.6,6082.58,0,0
2018-11-14T16:04:59.0000000,6080.6,6082.58,0,1.523
2018-11-14T16:04:59.0000000,6080.6,6082.58,0,0
2018-11-14T16:04:59.0000000,6080.6,6082.58,0,1.523
2018-11-14T16:04:59.0000000,6080.6,6082.58,0,1.52909435
2018-11-14T16:04:59.0000000,6080.6,6082.58,0,0.00609435
2018-11-14T16:04:59.0000000,6080.6,6082.58,0,1.52909435
2018-11-14T16:04:59.0000000,6080.6,6082.58,0,0.00609435
2018-11-14T16:05:00.0000000,6080.6,6082.58,0,0
11/14/2018 16:05:00,6080.6,6082.58,0,0,7327378108,11/14/2018 16:05:00,sell,0.00609435,6082.58000000
2018-11-14T16:05:00.0000000,6082.57,6083.65,0,0
2018-11-14T16:05:00.0000000,6082.57,6083.65,0,0.67996541
11/14/2018 16:05:00,6082.57,6083.65,0,0.67996541,7327378110,11/14/2018 16:05:00,sell,0.32003459,6083.65000000
2018-11-14T16:05:00.0000000,6082.57,6083.65,0,0.67996541
2018-11-14T16:05:00.0000000,6082.57,6083.65,11.1,0.67996541
2018-11-14T16:05:00.0000000,6082.57,6083.65,11.1,0
2018-11-14T16:05:00.0000000,6082.57,6083.65,11.9,0
11/14/2018 16:05:00,6082.57,6083.65,11.9,0,7327378129,11/14/2018 16:05:00,sell,0.01430820,6084.26000000
2018-11-14T16:05:00.0000000,6082.57,6084.26,11.9,0
2018-11-14T16:05:00.0000000,6082.57,6084.26,11.9,0.92119029
11/14/2018 16:05:00,6082.57,6084.26,11.9,0.92119029,7327378148,11/14/2018 16:05:00,sell,0.06450151,6084.26000000
2018-11-14T16:05:00.0000000,6082.57,6084.26,11.9,0.92119029
2018-11-14T16:05:01.0000000,6082.57,6084.26,11.86641181,0.92119029
11/14/2018 16:05:00,6082.57,6084.26,11.86641181,0.92119029,7327378158,11/14/2018 16:05:00,buy,0.03358819,6082.57000000
2018-11-14T16:05:00.0000000,6082.57,6084.26,11.86641181,0.92119029
2018-11-14T16:05:02.0000000,6082.57,6084.26,11.86641181,0
2018-11-14T16:05:02.0000000,6082.57,6084.26,11.86641181,0.00396648
2018-11-14T16:05:02.0000000,6082.57,6084.26,11.06641181,0.00396648
2018-11-14T16:05:02.0000000,6082.57,6084.26,3.56641181,0.00396648
2018-11-14T16:05:02.0000000,6082.57,6084.26,2.5,0.00396648
2018-11-14T16:05:02.0000000,6082.57,6084.26,0,0.00396648
11/14/2018 16:05:03,6082.57,6084.26,0,0.00396648,7327378347,11/14/2018 16:05:03,sell,0.00458399,6083.81000000
2018-11-14T16:05:03.0000000,6082.64,6083.81,0,0.00396648
2018-11-14T16:05:03.0000000,6082.64,6083.81,0,2.51841601
2018-11-14T16:05:03.0000000,6082.64,6083.81,0,0.99541601
11/14/2018 16:05:03,6082.64,6083.81,0,0.99541601,7327378411,11/14/2018 16:05:03,sell,0.08900000,6083.77000000
2018-11-14T16:05:03.0000000,6082.64,6083.77,0,0.99541601
2018-11-14T16:05:03.0000000,6082.64,6083.77,0,1.43252546
11/14/2018 16:05:03,6082.64,6083.77,0,1.43252546,7327378420,11/14/2018 16:05:03,sell,0.00147454,6083.77000000
2018-11-14T16:05:03.0000000,6082.64,6083.77,0,1.43252546
2018-11-14T16:05:04.0000000,6082.64,6083.77,10,1.43252546
2018-11-14T16:05:04.0000000,6082.64,6083.77,2.5,1.43252546
2018-11-14T16:05:04.0000000,6082.64,6083.77,2.5,1.41678836
11/14/2018 16:05:04,6082.64,6083.77,2.5,1.41678836,7327378463,11/14/2018 16:05:04,sell,0.01573710,6083.77000000
2018-11-14T16:05:04.0000000,6082.66,6083.77,2.5,1.41678836
2018-11-14T16:05:04.0000000,6082.66,6083.77,2.5,0
2018-11-14T16:05:04.0000000,6082.66,6083.77,2.5,0
2018-11-14T16:05:04.0000000,6082.66,6083.77,0,0
11/14/2018 16:05:05,6082.66,6083.77,0,0,7327378571,11/14/2018 16:05:05,sell,0.49163713,6083.81000000
2018-11-14T16:05:05.0000000,6082.77,6083.81,0,0
2018-11-14T16:05:05.0000000,6082.77,6083.81,0,0.50668312
2018-11-14T16:05:05.0000000,6082.77,6083.81,10,0.50668312
2018-11-14T16:05:05.0000000,6082.77,6083.81,2.5,0.50668312
2018-11-14T16:05:05.0000000,6082.77,6083.81,0,0.50668312
2018-11-14T16:05:05.0000000,6082.77,6083.81,0,1.92368312
2018-11-14T16:05:05.0000000,6082.77,6083.81,0,0.50668312
2018-11-14T16:05:06.0000000,6082.77,6083.81,0,1.92368312
2018-11-14T16:05:06.0000000,6082.77,6083.81,0,0.50668312
2018-11-14T16:05:06.0000000,6082.77,6083.81,0,0.48262414
11/14/2018 16:05:06,6082.77,6083.81,0,0.48262414,7327378728,11/14/2018 16:05:06,sell,0.02405898,6083.81000000
2018-11-14T16:05:06.0000000,6082.91,6083.81,0,0.48262414
2018-11-14T16:05:06.0000000,6082.91,6083.81,10,0.48262414
2018-11-14T16:05:06.0000000,6082.91,6083.81,2.5,0.48262414
2018-11-14T16:05:06.0000000,6082.91,6083.81,0,0.48262414
2018-11-14T16:05:07.0000000,6082.91,6083.81,0,0.00290424
2018-11-14T16:05:07.0000000,6082.91,6083.81,0,0
11/14/2018 16:05:07,6082.91,6083.81,0,0,7327378817,11/14/2018 16:05:07,sell,0.00290424,6083.81000000
2018-11-14T16:05:07.0000000,6082.98,6084.24,0,0
2018-11-14T16:05:07.0000000,6082.98,6084.24,0,0
2018-11-14T16:05:07.0000000,6082.98,6084.24,7.5,0
2018-11-14T16:05:07.0000000,6082.98,6084.24,0,0
2018-11-14T16:05:08.0000000,6082.98,6084.24,0,1.00101513
2018-11-14T16:05:08.0000000,6082.98,6084.24,0,0.99717029
11/14/2018 16:05:08,6082.98,6084.24,0,0.99717029,7327378929,11/14/2018 16:05:08,sell,0.00384484,6084.24000000
2018-11-14T16:05:08.0000000,6083.03,6084.24,0,0.99717029
2018-11-14T16:05:08.0000000,6083.03,6084.24,7.5,0.99717029
2018-11-14T16:05:08.0000000,6083.03,6084.24,0,0.99717029
2018-11-14T16:05:09.0000000,6083.03,6084.24,0,0.85484267
11/14/2018 16:05:09,6083.03,6084.24,0,0.85484267,7327378999,11/14/2018 16:05:09,sell,0.14232762,6084.24000000
2018-11-14T16:05:09.0000000,6083.07,6084.24,0,0.85484267
2018-11-14T16:05:09.0000000,6083.07,6084.24,7.5,0.85484267
2018-11-14T16:05:09.0000000,6083.07,6084.24,0,0.85484267
2018-11-14T16:05:10.0000000,6083.07,6084.24,0,0.85099783
11/14/2018 16:05:10,6083.07,6084.24,0,0.85099783,7327379082,11/14/2018 16:05:10,sell,0.00384484,6084.24000000
2018-11-14T16:05:10.0000000,6083.11,6084.24,0,0.85099783
2018-11-14T16:05:10.0000000,6083.11,6084.24,8.30165284,0.85099783
2018-11-14T16:05:12.0000000,6083.11,6084.24,7.50165284,0.85099783
2018-11-14T16:05:12.0000000,6083.11,6084.24,0.00165284,0.85099783
2018-11-14T16:05:13.0000000,6083.11,6084.24,0,0.85099783
2018-11-14T16:05:13.0000000,6083.11,6084.24,0,0.8499827
11/14/2018 16:05:14,6083.11,6084.24,0,0.8499827,7327379292,11/14/2018 16:05:14,sell,0.03221928,6083.18000000
2018-11-14T16:05:14.0000000,6083.14,6083.18,0,0.8499827
2018-11-14T16:05:15.0000000,6083.14,6083.18,0,2.37747588
11/14/2018 16:05:15,6083.14,6083.18,0,2.37747588,7327379355,11/14/2018 16:05:15,sell,0.00730484,6083.18000000
2018-11-14T16:05:15.0000000,6083.14,6083.18,0,2.37747588
2018-11-14T16:05:15.0000000,6083.14,6083.18,0,2.37747588
11/14/2018 16:05:15,6083.14,6083.18,0,2.37747588,7327379369,11/14/2018 16:05:15,buy,0.00158200,6083.14000000
2018-11-14T16:05:15.0000000,6083.14,6083.18,0.20490988,2.37747588
2018-11-14T16:05:15.0000000,6080.15,6083.14,0.20490988,2.37747588
2018-11-14T16:05:15.0000000,6080.15,6083.14,0,2.37747588
2018-11-14T16:05:15.0000000,6080.15,6083.14,0,1.62190988
2018-11-14T16:05:15.0000000,6080.15,6083.14,0,1.417
2018-11-14T16:05:16.0000000,6080.15,6083.14,0,0
11/14/2018 16:05:16,6080.15,6083.14,0,0,7327379557,11/14/2018 16:05:16,sell,0.04916201,6081.75000000
2018-11-14T16:05:16.0000000,6080.53,6081.75,0,0
2018-11-14T16:05:16.0000000,6080.53,6081.75,0,2.36783799
2018-11-14T16:05:17.0000000,6080.53,6081.75,0,0.95083799
2018-11-14T16:05:17.0000000,6080.53,6081.75,3.3,0.95083799
2018-11-14T16:05:17.0000000,6080.53,6081.75,2.5,0.95083799
2018-11-14T16:05:18.0000000,6080.53,6081.75,3.3,0.95083799
2018-11-14T16:05:18.0000000,6080.53,6081.75,10.8,0.95083799
2018-11-14T16:05:19.0000000,6080.53,6081.75,10.8,0
2018-11-14T16:05:19.0000000,6080.53,6081.75,10.8061657,0
2018-11-14T16:05:19.0000000,6080.53,6081.75,10.0061657,0
2018-11-14T16:05:19.0000000,6080.53,6081.75,2.5061657,0
2018-11-14T16:05:19.0000000,6080.53,6081.75,3.4476657,0
2018-11-14T16:05:19.0000000,6080.53,6081.75,2.5061657,0
11/14/2018 16:05:21,6080.53,6081.75,2.5061657,0,7327380003,11/14/2018 16:05:21,sell,0.01651277,6082.56000000
2018-11-14T16:05:21.0000000,6080.71,6082.56,2.5061657,0
2018-11-14T16:05:21.0000000,6080.71,6082.56,2.5061657,0.98348723
2018-11-14T16:05:22.0000000,6080.71,6082.56,2.50574031,0.98348723
11/14/2018 16:05:23,6080.71,6082.56,2.50574031,0.98348723,7327380196,11/14/2018 16:05:23,sell,0.01000000,6082.00000000
2018-11-14T16:05:23.0000000,6080.71,6082,2.50574031,0.98348723
2018-11-14T16:05:23.0000000,6080.71,6082,2.50574031,1.36763022
11/14/2018 16:05:23,6080.71,6082,2.50574031,1.36763022,7327380198,11/14/2018 16:05:23,sell,0.04936978,6082.00000000
2018-11-14T16:05:23.0000000,6080.71,6082,2.50574031,1.36763022
2018-11-14T16:05:25.0000000,6080.71,6082,2.50574031,1.40470646
2018-11-14T16:05:27.0000000,6080.71,6082,2.51574031,1.40470646
2018-11-14T16:05:27.0000000,6080.71,6082,2.51,1.40470646
11/14/2018 16:05:27,6080.71,6082,2.51,1.40470646,7327380451,11/14/2018 16:05:27,buy,0.00100000,6081.99000000
2018-11-14T16:05:27.0000000,6081.99,6082,2.51,1.40470646
2018-11-14T16:05:27.0000000,6081.99,6082,0,1.40470646
11/14/2018 16:05:27,6081.99,6082,0,1.40470646,7327380453,11/14/2018 16:05:27,buy,0.00271603,6081.99000000
11/14/2018 16:05:27,6081.99,6082,0,1.40470646,7327380455,11/14/2018 16:05:27,buy,0.92149348,6080.71000000
2018-11-14T16:05:27.0000000,6080.71,6082,0,1.40470646
2018-11-14T16:05:28.0000000,6080.71,6082,0.01,1.40470646
2018-11-14T16:05:28.0000000,6080.71,6082,0.01,0.03707624
2018-11-14T16:05:28.0000000,6080.71,6082,0.04778606,0.03707624
2018-11-14T16:05:28.0000000,6080.71,6082,7.54778606,0.03707624
2018-11-14T16:05:28.0000000,6080.71,6082,0.04778606,0.03707624
2018-11-14T16:05:28.0000000,6080.71,6082,0.01,0.03707624
11/14/2018 16:05:29,6080.71,6082,0.01,0.03707624,7327380628,11/14/2018 16:05:29,sell,0.01587175,6081.62000000
2018-11-14T16:05:29.0000000,6080.72,6081.62,0.01,0.03707624
2018-11-14T16:05:29.0000000,6080.72,6081.62,0.01,1.4374392
11/14/2018 16:05:29,6080.72,6081.62,0.01,1.4374392,7327380634,11/14/2018 16:05:29,sell,0.08221536,6081.62000000
2018-11-14T16:05:29.0000000,6080.72,6081.62,0.01,1.4374392
2018-11-14T16:05:29.0000000,6080.72,6081.62,8.54035404,1.4374392
2018-11-14T16:05:29.0000000,6080.72,6081.62,8.54035404,0.0694392
2018-11-14T16:05:29.0000000,6080.72,6081.62,1.04035404,0.0694392
2018-11-14T16:05:30.0000000,6080.72,6081.62,1.04035404,0.0378996
11/14/2018 16:05:30,6080.72,6081.62,1.04035404,0.0378996,7327380743,11/14/2018 16:05:30,sell,0.03153960,6081.62000000
2018-11-14T16:05:30.0000000,6081.61,6081.62,1.04035404,0.0378996
2018-11-14T16:05:30.0000000,6081.61,6081.62,1.04035404,2.7788996
2018-11-14T16:05:30.0000000,6081.61,6081.62,1.04035404,0.0378996
2018-11-14T16:05:31.0000000,6081.61,6081.62,11.5,0.0378996
2018-11-14T16:05:31.0000000,6081.61,6081.62,11.5,0
2018-11-14T16:05:31.0000000,6081.61,6081.62,9.5,0
2018-11-14T16:05:31.0000000,6081.61,6081.62,8.5,0
2018-11-14T16:05:31.0000000,6081.61,6081.62,1,0
2018-11-14T16:05:31.0000000,6081.61,6081.62,1.8,0
2018-11-14T16:05:31.0000000,6081.61,6081.62,1,0
2018-11-14T16:05:31.0000000,6081.61,6081.62,1.8,0
2018-11-14T16:05:32.0000000,6081.61,6081.62,1,0
2018-11-14T16:05:32.0000000,6081.61,6081.62,1.8,0
11/14/2018 16:05:32,6081.61,6081.62,1.8,0,7327380880,11/14/2018 16:05:32,sell,0.00188314,6082.00000000
2018-11-14T16:05:32.0000000,6081.99,6082,1.8,0
2018-11-14T16:05:32.0000000,6081.99,6082,10.54035404,0
2018-11-14T16:05:32.0000000,6081.99,6082,11.54035404,0
2018-11-14T16:05:32.0000000,6081.99,6082,10.54035404,0
2018-11-14T16:05:33.0000000,6081.99,6082,11.54035404,0
2018-11-14T16:05:33.0000000,6081.99,6082,10.54035404,0
2018-11-14T16:05:33.0000000,6081.99,6082,11.54035404,0
2018-11-14T16:05:33.0000000,6081.99,6082,11.522918,0
11/14/2018 16:05:33,6081.99,6082,11.522918,0,7327380986,11/14/2018 16:05:33,buy,0.01743604,6081.99000000
2018-11-14T16:05:33.0000000,6081.99,6082,11.522918,0
2018-11-14T16:05:34.0000000,6081.99,6082,11.51608381,0
11/14/2018 16:05:34,6081.99,6082,11.51608381,0,7327381038,11/14/2018 16:05:34,buy,0.00683419,6081.99000000
2018-11-14T16:05:34.0000000,6081.99,6082,11.51608381,0
2018-11-14T16:05:35.0000000,6081.99,6082,11.51608381,0.03347354
11/14/2018 16:05:35,6081.99,6082,11.51608381,0.03347354,7327381099,11/14/2018 16:05:35,sell,0.00171956,6082.00000000
2018-11-14T16:05:35.0000000,6081.99,6082,11.51608381,0.03347354
2018-11-14T16:05:35.0000000,6081.99,6082,11.51608381,0
11/14/2018 16:05:35,6081.99,6082,11.51608381,0,7327381117,11/14/2018 16:05:35,sell,0.03347354,6082.00000000
2018-11-14T16:05:35.0000000,6081.99,6082.41,11.51608381,0
2018-11-14T16:05:35.0000000,6081.99,6082.41,11.51608381,0
11/14/2018 16:05:35,6081.99,6082.41,11.51608381,0,7327381119,11/14/2018 16:05:35,sell,0.00100000,6082.41000000
2018-11-14T16:05:35.0000000,6081.99,6082.57,11.51608381,0
2018-11-14T16:05:35.0000000,6081.99,6082.57,11.51608381,0.16038342
11/14/2018 16:05:35,6081.99,6082.57,11.51608381,0.16038342,7327381121,11/14/2018 16:05:35,sell,0.04452646,6082.57000000
2018-11-14T16:05:35.0000000,6081.99,6082.57,11.51608381,0.16038342
2018-11-14T16:05:35.0000000,6081.99,6082.57,9.54035404,0.16038342
2018-11-14T16:05:35.0000000,6081.99,6082.57,8.54035404,0.16038342
2018-11-14T16:05:35.0000000,6081.99,6082.57,1.04035404,0.16038342
2018-11-14T16:05:36.0000000,6081.99,6082.57,0.04035404,0.16038342
11/14/2018 16:05:38,6081.99,6082.57,0.04035404,0.16038342,7327381346,11/14/2018 16:05:38,buy,0.07852978,6082.56000000
2018-11-14T16:05:38.0000000,6082.56,6082.57,0.04035404,0.16038342
2018-11-14T16:05:39.0000000,6082.56,6082.57,11.65430778,0.16038342
2018-11-14T16:05:39.0000000,6082.56,6082.57,12.65430778,0.16038342
2018-11-14T16:05:39.0000000,6082.56,6082.57,12.65430778,0
2018-11-14T16:05:39.0000000,6082.56,6082.57,10.65430778,0
2018-11-14T16:05:39.0000000,6082.56,6082.57,9.5,0
2018-11-14T16:05:39.0000000,6082.56,6082.57,8.5,0
2018-11-14T16:05:39.0000000,6082.56,6082.57,1,0
2018-11-14T16:05:39.0000000,6082.56,6082.57,1,0.8
2018-11-14T16:05:40.0000000,6082.56,6082.57,1,0
11/14/2018 16:05:40,6082.56,6082.57,1,0,7327381516,11/14/2018 16:05:40,sell,0.00100000,6082.84000000
2018-11-14T16:05:40.0000000,6082.83,6083.87,1,0
2018-11-14T16:05:40.0000000,6082.83,6083.87,1,0.97740063
11/14/2018 16:05:40,6082.83,6083.87,1,0.97740063,7327381518,11/14/2018 16:05:40,sell,0.02259937,6083.87000000
2018-11-14T16:05:40.0000000,6082.83,6083.87,1,0.97740063
2018-11-14T16:05:40.0000000,6082.83,6083.87,9.5,0.97740063
2018-11-14T16:05:40.0000000,6082.83,6083.87,8.5,0.97740063
2018-11-14T16:05:40.0000000,6082.83,6083.87,1,0.97740063
2018-11-14T16:05:40.0000000,6082.83,6083.87,1,0
11/14/2018 16:05:41,6082.83,6083.87,1,0,7327381685,11/14/2018 16:05:41,sell,0.00100000,6085.00000000
2018-11-14T16:05:41.0000000,6084.99,6085.51,1,0
2018-11-14T16:05:41.0000000,6084.99,6085.51,1,0.98512802
11/14/2018 16:05:41,6084.99,6085.51,1,0.98512802,7327381687,11/14/2018 16:05:41,sell,0.01487198,6085.51000000
2018-11-14T16:05:41.0000000,6084.99,6085.51,1,0.98512802
2018-11-14T16:05:41.0000000,6084.99,6085.51,9.5,0.98512802
2018-11-14T16:05:41.0000000,6084.99,6085.51,2,0.98512802
2018-11-14T16:05:41.0000000,6084.99,6085.51,1,0.98512802
2018-11-14T16:05:41.0000000,6084.99,6085.51,1,3.72612802
2018-11-14T16:05:41.0000000,6084.99,6085.51,1,0.98512802
2018-11-14T16:05:42.0000000,6084.99,6085.51,0,0.98512802
2018-11-14T16:05:42.0000000,6084.99,6085.51,0,1.98512802
2018-11-14T16:05:42.0000000,6084.99,6085.51,0,0.98512802
2018-11-14T16:05:42.0000000,6084.99,6085.51,0,1.98512802
2018-11-14T16:05:42.0000000,6084.99,6085.51,0,1.6086556
11/14/2018 16:05:42,6084.99,6085.51,0,1.6086556,7327381779,11/14/2018 16:05:42,sell,0.37647242,6085.51000000
2018-11-14T16:05:42.0000000,6085.5,6085.51,0,1.6086556
2018-11-14T16:05:42.0000000,6085.5,6085.51,0,0.6086556
2018-11-14T16:05:42.0000000,6085.5,6085.51,0,0
2018-11-14T16:05:42.0000000,6085.5,6085.51,8.89633556,0
2018-11-14T16:05:42.0000000,6085.5,6085.51,7.54035404,0
2018-11-14T16:05:42.0000000,6085.5,6085.51,0.04035404,0
2018-11-14T16:05:42.0000000,6085.5,6085.51,0.04035404,0.8
2018-11-14T16:05:42.0000000,6085.5,6085.51,0.04035404,0
2018-11-14T16:05:43.0000000,6085.5,6085.51,0,0
11/14/2018 16:05:43,6085.5,6085.51,0,0,7327381960,11/14/2018 16:05:43,buy,0.04035404,6085.50000000
11/14/2018 16:05:43,6085.5,6085.51,0,0,7327381962,11/14/2018 16:05:43,buy,0.15964596,6082.74000000
2018-11-14T16:05:43.0000000,6082.74,6085.93,0,0
2018-11-14T16:05:43.0000000,6082.74,6085.93,0,0
2018-11-14T16:05:43.0000000,6082.74,6085.93,0,0.07
2018-11-14T16:05:44.0000000,6082.74,6085.93,0,0
11/14/2018 16:05:45,6082.74,6085.93,0,0,7327382190,11/14/2018 16:05:45,sell,0.00727718,6085.92000000
2018-11-14T16:05:45.0000000,6085.91,6086,0,0
2018-11-14T16:05:45.0000000,6085.91,6086,0,0
11/14/2018 16:05:45,6085.91,6086,0,0,7327382192,11/14/2018 16:05:45,sell,0.00100000,6086.00000000
11/14/2018 16:05:45,6085.91,6086,0,0,7327382194,11/14/2018 16:05:45,sell,0.00287479,6086.84000000
11/14/2018 16:05:45,6085.91,6086,0,0,7327382196,11/14/2018 16:05:45,sell,0.00156047,6086.85000000
11/14/2018 16:05:45,6085.91,6086,0,0,7327382198,11/14/2018 16:05:45,sell,0.02759006,6087.46000000
2018-11-14T16:05:45.0000000,6085.91,6087.46,0,0
2018-11-14T16:05:45.0000000,6085.91,6087.46,9.5,0
2018-11-14T16:05:45.0000000,6085.91,6087.46,2,0
11/14/2018 16:05:46,6085.91,6087.46,2,0,7327382397,11/14/2018 16:05:46,sell,0.00785378,6087.44000000
2018-11-14T16:05:46.0000000,6086.02,6087.44,2,0
2018-11-14T16:05:46.0000000,6086.02,6087.44,2,0
2018-11-14T16:05:46.0000000,6086.02,6087.44,0,0
2018-11-14T16:05:46.0000000,6086.02,6087.44,0,1.368
2018-11-14T16:05:46.0000000,6086.02,6087.44,0,0
11/14/2018 16:05:47,6086.02,6087.44,0,0,7327382589,11/14/2018 16:05:47,sell,0.02405257,6087.36000000
2018-11-14T16:05:47.0000000,6085.99,6087.36,0,0
2018-11-14T16:05:47.0000000,6085.99,6087.36,0,1.38494743
2018-11-14T16:05:47.0000000,6085.99,6087.36,0,1.3833096
11/14/2018 16:05:47,6085.99,6087.36,0,1.3833096,7327382608,11/14/2018 16:05:47,sell,0.00163783,6087.36000000
2018-11-14T16:05:47.0000000,6086,6087.36,0,1.3833096
2018-11-14T16:05:47.0000000,6086,6087.36,0,0.0153096
2018-11-14T16:05:47.0000000,6086,6087.36,0,1.3833096
2018-11-14T16:05:47.0000000,6086,6087.36,0,1.3833096
2018-11-14T16:05:47.0000000,6086,6087.36,0,0.0153096
2018-11-14T16:05:47.0000000,6086,6087.36,0,1.3833096
2018-11-14T16:05:47.0000000,6086,6087.36,0,0.0153096
2018-11-14T16:05:47.0000000,6086,6087.36,0.64035403,0.0153096
2018-11-14T16:05:47.0000000,6086,6087.36,0,0.0153096
11/14/2018 16:05:47,6086,6087.36,0,0.0153096,7327382768,11/14/2018 16:05:47,sell,0.00785500,6087.25000000
2018-11-14T16:05:47.0000000,6085.99,6087.25,0,0.0153096
2018-11-14T16:05:47.0000000,6085.99,6087.25,0,0
2018-11-14T16:05:47.0000000,6085.99,6087.25,0,1.368
2018-11-14T16:05:48.0000000,6085.99,6087.25,0,0
11/14/2018 16:05:48,6085.99,6087.25,0,0,7327382888,11/14/2018 16:05:48,sell,0.07000000,6086.62000000
11/14/2018 16:05:48,6085.99,6087.25,0,0,7327382890,11/14/2018 16:05:48,sell,0.25241998,6086.62000000
2018-11-14T16:05:48.0000000,6085.99,6086.62,0,0
2018-11-14T16:05:48.0000000,6085.99,6086.62,0,0
2018-11-14T16:05:49.0000000,6085.99,6086.62,0,0
11/14/2018 16:05:49,6085.99,6086.62,0,0,7327382997,11/14/2018 16:05:49,sell,0.00147414,6087.36000000
2018-11-14T16:05:49.0000000,6087.35,6087.36,0,0
2018-11-14T16:05:49.0000000,6087.35,6087.36,3.98810217,0
11/14/2018 16:05:49,6087.35,6087.36,3.98810217,0,7327383000,11/14/2018 16:05:49,buy,0.01189783,6087.35000000
2018-11-14T16:05:49.0000000,6087.35,6087.36,3.98810217,0
2018-11-14T16:05:49.0000000,6087.35,6087.36,4.63631121,0
2018-11-14T16:05:49.0000000,6087.35,6087.36,3.98810217,0
2018-11-14T16:05:49.0000000,6087.35,6087.36,11.48810217,0
2018-11-14T16:05:49.0000000,6087.35,6087.36,12.13631121,0
2018-11-14T16:05:49.0000000,6087.35,6087.36,12.13631121,0.00639617
11/14/2018 16:05:49,6087.35,6087.36,12.13631121,0.00639617,7327383136,11/14/2018 16:05:49,sell,0.00743929,6087.36000000
2018-11-14T16:05:49.0000000,6087.35,6087.36,12.13631121,0.00639617
2018-11-14T16:05:50.0000000,6087.35,6087.36,12.13631121,0.00979334
2018-11-14T16:05:50.0000000,6087.35,6087.36,12.13631121,0.00339717
2018-11-14T16:05:51.0000000,6087.35,6087.36,12.13631121,0
11/14/2018 16:05:51,6087.35,6087.36,12.13631121,0,7327383272,11/14/2018 16:05:51,sell,0.00339717,6087.36000000
11/14/2018 16:05:51,6087.35,6087.36,12.13631121,0,7327383274,11/14/2018 16:05:51,sell,0.05481460,6087.57000000
2018-11-14T16:05:51.0000000,6087.35,6087.57,12.13631121,0
2018-11-14T16:05:51.0000000,6087.35,6087.57,10.14820904,0
2018-11-14T16:05:51.0000000,6087.35,6087.57,9.5,0
2018-11-14T16:05:51.0000000,6087.35,6087.57,8.5,0
2018-11-14T16:05:51.0000000,6087.35,6087.57,1,0
2018-11-14T16:05:51.0000000,6087.35,6087.57,8.5,0
2018-11-14T16:05:51.0000000,6087.35,6087.57,1,0
2018-11-14T16:05:52.0000000,6087.35,6087.57,1,0.14656882
2018-11-14T16:05:52.0000000,6087.35,6087.57,1,0.041
11/14/2018 16:05:52,6087.35,6087.57,1,0.041,7327383408,11/14/2018 16:05:52,sell,0.10556882,6087.57000000
2018-11-14T16:05:52.0000000,6087.35,6087.57,1,0
11/14/2018 16:05:52,6087.35,6087.57,1,0,7327383410,11/14/2018 16:05:52,sell,0.04100000,6087.57000000
11/14/2018 16:05:52,6087.35,6087.57,1,0,7327383412,11/14/2018 16:05:52,sell,0.00100178,6087.62000000
11/14/2018 16:05:52,6087.35,6087.57,1,0,7327383414,11/14/2018 16:05:52,sell,0.00150000,6087.66000000
11/14/2018 16:05:52,6087.35,6087.57,1,0,7327383416,11/14/2018 16:05:52,sell,0.01470639,6087.90000000
2018-11-14T16:05:52.0000000,6087.56,6087.9,1,0
2018-11-14T16:05:52.0000000,6087.56,6087.9,10.14820904,0
2018-11-14T16:05:52.0000000,6087.56,6087.9,9.5,0
11/14/2018 16:05:52,6087.56,6087.9,9.5,0,7327383435,11/14/2018 16:05:52,buy,1.00000000,6087.77000000
2018-11-14T16:05:52.0000000,6087.77,6087.78,9.5,0
2018-11-14T16:05:52.0000000,6087.77,6087.78,2,0
2018-11-14T16:05:52.0000000,6087.77,6087.78,2.64820904,0
2018-11-14T16:05:52.0000000,6087.77,6087.78,10.14820904,0
2018-11-14T16:05:52.0000000,6087.77,6087.78,11.14820904,0
2018-11-14T16:05:53.0000000,6087.77,6087.78,12.14820904,0
2018-11-14T16:05:53.0000000,6087.77,6087.78,11.14820904,0
11/14/2018 16:05:53,6087.77,6087.78,11.14820904,0,7327383465,11/14/2018 16:05:53,buy,1.00000000,6087.77000000
2018-11-14T16:05:53.0000000,6087.77,6087.78,11.14820904,0
2018-11-14T16:05:54.0000000,6087.77,6087.78,11.14820904,0
11/14/2018 16:05:54,6087.77,6087.78,11.14820904,0,7327383603,11/14/2018 16:05:54,sell,0.00100000,6087.78000000
11/14/2018 16:05:54,6087.77,6087.78,11.14820904,0,7327383605,11/14/2018 16:05:54,sell,0.00750579,6087.90000000
2018-11-14T16:05:54.0000000,6087.77,6087.9,11.14820904,0
2018-11-14T16:05:54.0000000,6087.77,6087.9,10.14820904,0
2018-11-14T16:05:54.0000000,6087.77,6087.9,9.14820904,0
2018-11-14T16:05:54.0000000,6087.77,6087.9,8.5,0
2018-11-14T16:05:54.0000000,6087.77,6087.9,1,0
2018-11-14T16:05:55.0000000,6087.77,6087.9,1,0.05826411
2018-11-14T16:05:55.0000000,6087.77,6087.9,1,0.09926411
2018-11-14T16:05:57.0000000,6087.77,6087.9,1,0.09542122
11/14/2018 16:05:57,6087.77,6087.9,1,0.09542122,7327383877,11/14/2018 16:05:57,sell,0.00384289,6087.90000000
2018-11-14T16:05:57.0000000,6087.89,6087.9,1,0.09542122
2018-11-14T16:05:57.0000000,6087.89,6087.9,1,0.0906849
11/14/2018 16:05:57,6087.89,6087.9,1,0.0906849,7327383894,11/14/2018 16:05:57,sell,0.00473632,6087.90000000
2018-11-14T16:05:57.0000000,6087.89,6087.9,1,0.0906849
2018-11-14T16:05:57.0000000,6087.89,6087.9,1,0.041
11/14/2018 16:05:57,6087.89,6087.9,1,0.041,7327383896,11/14/2018 16:05:57,sell,0.04968490,6087.90000000
2018-11-14T16:05:57.0000000,6087.89,6087.9,1,0
11/14/2018 16:05:57,6087.89,6087.9,1,0,7327383898,11/14/2018 16:05:57,sell,0.04100000,6087.90000000
11/14/2018 16:05:57,6087.89,6087.9,1,0,7327383900,11/14/2018 16:05:57,sell,0.22693243,6087.97000000
2018-11-14T16:05:57.0000000,6087.89,6087.97,1,0
2018-11-14T16:05:57.0000000,6087.89,6087.97,10.14820904,0
2018-11-14T16:05:57.0000000,6087.89,6087.97,9.5,0
2018-11-14T16:05:57.0000000,6087.89,6087.97,8.5,0
2018-11-14T16:05:57.0000000,6087.89,6087.97,1,0
2018-11-14T16:05:57.0000000,6087.89,6087.97,1,0.65941044
11/14/2018 16:05:57,6087.89,6087.97,1,0.65941044,7327383928,11/14/2018 16:05:57,sell,0.11365713,6087.97000000
2018-11-14T16:05:57.0000000,6087.96,6087.97,1,0.65941044
2018-11-14T16:05:57.0000000,6087.96,6087.97,12.90962963,0.65941044
2018-11-14T16:05:57.0000000,6087.96,6087.97,13.55783867,0.65941044
2018-11-14T16:05:57.0000000,6087.96,6087.97,13.55783867,0.53841044
11/14/2018 16:05:57,6087.96,6087.97,13.55783867,0.53841044,7327383941,11/14/2018 16:05:57,sell,0.12100000,6087.97000000
2018-11-14T16:05:57.0000000,6087.96,6087.97,13.55783867,0.53841044
2018-11-14T16:05:57.0000000,6087.96,6087.97,13.87783867,0.53841044
2018-11-14T16:05:58.0000000,6087.96,6087.97,13.87783867,0
2018-11-14T16:05:58.0000000,6087.96,6087.97,11.87783867,0
2018-11-14T16:05:58.0000000,6087.96,6087.97,10.46820904,0
2018-11-14T16:05:58.0000000,6087.96,6087.97,9.46820904,0
2018-11-14T16:05:58.0000000,6087.96,6087.97,1.96820904,0
2018-11-14T16:05:58.0000000,6087.96,6087.97,1.32,0
11/14/2018 16:06:00,6087.96,6087.97,1.32,0,7327384274,11/14/2018 16:06:00,sell,0.00100000,6088.21000000
11/14/2018 16:06:00,6087.96,6087.97,1.32,0,7327384276,11/14/2018 16:06:00,sell,0.00100000,6088.27000000
11/14/2018 16:06:00,6087.96,6087.97,1.32,0,7327384278,11/14/2018 16:06:00,sell,0.00238140,6088.84000000
2018-11-14T16:06:00.0000000,6088.2,6088.84,1.32,0
2018-11-14T16:06:00.0000000,6088.2,6088.84,1.32,0
11/14/2018 16:06:00,6088.2,6088.84,1.32,0,7327384280,11/14/2018 16:06:00,sell,0.00125538,6088.84000000
2018-11-14T16:06:00.0000000,6088.2,6089.05,1.32,0
2018-11-14T16:06:00.0000000,6088.2,6089.05,1.32,0
11/14/2018 16:06:00,6088.2,6089.05,1.32,0,7327384282,11/14/2018 16:06:00,sell,0.04100000,6089.05000000
11/14/2018 16:06:00,6088.2,6089.05,1.32,0,7327384284,11/14/2018 16:06:00,sell,0.00051804,6089.06000000
2018-11-14T16:06:00.0000000,6088.2,6089.06,1.32,0
2018-11-14T16:06:00.0000000,6088.2,6089.06,9.5,0
2018-11-14T16:06:01.0000000,6088.2,6089.06,8.5,0
2018-11-14T16:06:01.0000000,6088.2,6089.06,1,0
2018-11-14T16:06:01.0000000,6088.2,6089.06,0,0
2018-11-14T16:06:01.0000000,6088.2,6089.06,0,1.00219155
2018-11-14T16:06:02.0000000,6088.2,6089.06,0,1
11/14/2018 16:06:02,6088.2,6089.06,0,1,7327384439,11/14/2018 16:06:02,sell,0.00219155,6089.06000000
2018-11-14T16:06:02.0000000,6089.05,6089.06,0,1
2018-11-14T16:06:02.0000000,6089.05,6089.06,0,0.95189355
11/14/2018 16:06:02,6089.05,6089.06,0,0.95189355,7327384441,11/14/2018 16:06:02,sell,0.04810645,6089.06000000
2018-11-14T16:06:02.0000000,6089.05,6089.06,0,0.95189355
2018-11-14T16:06:02.0000000,6089.05,6089.06,11.95143536,0.95189355
2018-11-14T16:06:02.0000000,6089.05,6089.06,12.95143536,0.95189355
2018-11-14T16:06:02.0000000,6089.05,6089.06,11.95143536,0.95189355
2018-11-14T16:06:03.0000000,6089.05,6089.06,11.26914536,0.95189355
11/14/2018 16:06:03,6089.05,6089.06,11.26914536,0.95189355,7327384583,11/14/2018 16:06:03,buy,0.68229000,6089.05000000
2018-11-14T16:06:03.0000000,6089.05,6089.06,11.26914536,0.95189355
2018-11-14T16:06:03.0000000,6089.05,6089.06,11.26914536,0.92831667
11/14/2018 16:06:03,6089.05,6089.06,11.26914536,0.92831667,7327384649,11/14/2018 16:06:03,sell,0.02357688,6089.06000000
2018-11-14T16:06:03.0000000,6089.05,6089.06,11.26914536,0.92831667
2018-11-14T16:06:03.0000000,6089.05,6089.06,11.26914536,0
2018-11-14T16:06:03.0000000,6089.05,6089.06,9.26914536,0
2018-11-14T16:06:03.0000000,6089.05,6089.06,9.26914536,2
2018-11-14T16:06:03.0000000,6089.05,6089.06,8.26914536,2
2018-11-14T16:06:03.0000000,6089.05,6089.06,0.76914536,2
2018-11-14T16:06:03.0000000,6089.05,6089.06,0,2
2018-11-14T16:06:03.0000000,6089.05,6089.06,0,3
2018-11-14T16:06:03.0000000,6089.05,6089.06,0,10.5
2018-11-14T16:06:05.0000000,6089.05,6089.06,0,10.82
2018-11-14T16:06:06.0000000,6089.05,6089.06,0,9.82
2018-11-14T16:06:06.0000000,6089.05,6089.06,0,9.5
2018-11-14T16:06:06.0000000,6089.05,6089.06,0,9.42263476
11/14/2018 16:06:06,6089.05,6089.06,0,9.42263476,7327384987,11/14/2018 16:06:06,buy,0.07736524,6089.06000000
2018-11-14T16:06:06.0000000,6089.06,6089.07,0,9.42263476
2018-11-14T16:06:06.0000000,6089.06,6089.07,7.5,9.42263476
2018-11-14T16:06:06.0000000,6089.06,6089.07,0,9.42263476
2018-11-14T16:06:06.0000000,6089.06,6089.07,0,2.65564175
2018-11-14T16:06:06.0000000,6089.06,6089.07,0,1.53964175
2018-11-14T16:06:06.0000000,6089.06,6089.07,0,1.00123131
11/14/2018 16:06:06,6089.06,6089.07,0,1.00123131,7327385025,11/14/2018 16:06:06,buy,0.53841044,6087.76000000
2018-11-14T16:06:06.0000000,6087.76,6089.07,0,1.00123131
11/14/2018 16:06:06,6087.76,6089.07,0,1.00123131,7327385055,11/14/2018 16:06:06,buy,1.00000000,6087.77000000
2018-11-14T16:06:06.0000000,6087.76,6088,0,1.00123131
2018-11-14T16:06:06.0000000,6087.76,6088,0,1.00123131
11/14/2018 16:06:06,6087.76,6088,0,1.00123131,7327385085,11/14/2018 16:06:06,buy,1.00000000,6087.77000000
2018-11-14T16:06:06.0000000,6087.77,6088,0,1.00123131
11/14/2018 16:06:06,6087.77,6088,0,1.00123131,7327385104,11/14/2018 16:06:06,buy,0.64820904,6087.78000000
2018-11-14T16:06:06.0000000,6087.77,6088,6.14820904,1.00123131
11/14/2018 16:06:06,6087.77,6088,6.14820904,1.00123131,7327385106,11/14/2018 16:06:06,buy,0.35179096,6087.77000000
2018-11-14T16:06:06.0000000,6087.77,6088,6.14820904,1.00123131
2018-11-14T16:06:06.0000000,6087.77,6088,0,1.00123131
11/14/2018 16:06:06,6087.77,6088,0,1.00123131,7327385126,11/14/2018 16:06:06,buy,0.00100000,6087.36000000
11/14/2018 16:06:06,6087.77,6088,0,1.00123131,7327385128,11/14/2018 16:06:06,buy,0.99900000,6087.36000000
2018-11-14T16:06:06.0000000,6087.36,6088,0,1.00123131
2018-11-14T16:06:07.0000000,6087.36,6088,6.502,1.00123131
11/14/2018 16:06:07,6087.36,6088,6.502,1.00123131,7327385244,11/14/2018 16:06:07,sell,0.00621169,6087.37000000
2018-11-14T16:06:07.0000000,6087.36,6087.37,6.502,1.00123131
2018-11-14T16:06:07.0000000,6087.36,6087.37,6.502,0.99378831
2018-11-14T16:06:07.0000000,6087.36,6087.37,6.502,0.8859425
11/14/2018 16:06:07,6087.36,6087.37,6.502,0.8859425,7327385266,11/14/2018 16:06:07,sell,0.10784581,6087.37000000
2018-11-14T16:06:07.0000000,6087.36,6087.37,6.502,0.8859425
2018-11-14T16:06:07.0000000,6087.36,6087.37,6.502,0.8780949
11/14/2018 16:06:07,6087.36,6087.37,6.502,0.8780949,7327385289,11/14/2018 16:06:07,sell,0.00784760,6087.37000000
2018-11-14T16:06:07.0000000,6087.36,6087.37,6.502,0.8780949
2018-11-14T16:06:08.0000000,6087.36,6087.37,6.502,0
11/14/2018 16:06:08,6087.36,6087.37,6.502,0,7327385336,11/14/2018 16:06:08,sell,0.00100479,6088.21000000
2018-11-14T16:06:08.0000000,6087.36,6088.82,6.502,0
2018-11-14T16:06:08.0000000,6087.36,6088.82,6.502,0.3075096
11/14/2018 16:06:08,6087.36,6088.82,6.502,0.3075096,7327385338,11/14/2018 16:06:08,sell,0.00308891,6088.82000000
2018-11-14T16:06:08.0000000,6087.36,6088.82,6.502,0.3075096
2018-11-14T16:06:08.0000000,6087.36,6088.82,0.001,0.3075096
2018-11-14T16:06:08.0000000,6087.36,6088.82,0.001,0
2018-11-14T16:06:09.0000000,6087.36,6088.82,0.00408965,0
