topBid,topAsk,sequence,time,side,size,price
2018-11-13T18:33:01.0000000,6299.76,6299.77,0.48847175,10.72204339
11/13/2018 18:33:01,6299.76,6299.77,0.48847175,10.72204339,7322400501,11/13/2018 18:33:01,buy,0.00926000,6299.76000000
2018-11-13T18:33:01.0000000,6299.76,6299.77,0.48847175,10.72204339
2018-11-13T18:33:05.0000000,6299.76,6299.77,0.48847175,9.94224339
2018-11-13T18:33:05.0000000,6299.76,6299.77,0.48847175,10.71874339
2018-11-13T18:33:06.0000000,6299.76,6299.77,0.48847175,9.94224339
2018-11-13T18:33:06.0000000,6299.76,6299.77,0.48847175,10.71874339
2018-11-13T18:33:07.0000000,6299.76,6299.77,0.48847175,10.62874339
2018-11-13T18:33:07.0000000,6299.76,6299.77,0.90847175,10.62874339
2018-11-13T18:33:07.0000000,6299.76,6299.77,0.90847175,9.85224339
2018-11-13T18:33:07.0000000,6299.76,6299.77,0.90847175,9.79224339
2018-11-13T18:33:09.0000000,6299.76,6299.77,0.90847175,9.85224339
2018-11-13T18:33:09.0000000,6299.76,6299.77,0.90847175,8.85224339
2018-11-13T18:33:09.0000000,6299.76,6299.77,1.90847175,8.85224339
2018-11-13T18:33:09.0000000,6299.76,6299.77,0.90847175,8.85224339
2018-11-13T18:33:09.0000000,6299.76,6299.77,0.90847175,9.85224339
2018-11-13T18:33:09.0000000,6299.76,6299.77,0.90847175,8.85224339
2018-11-13T18:33:09.0000000,6299.76,6299.77,0.90847175,9.85224339
2018-11-13T18:33:09.0000000,6299.76,6299.77,0.90847175,8.85224339
2018-11-13T18:33:09.0000000,6299.76,6299.77,0.90847175,9.85224339
2018-11-13T18:33:10.0000000,6299.76,6299.77,0.90847175,8.85224339
2018-11-13T18:33:10.0000000,6299.76,6299.77,1.90847175,8.85224339
2018-11-13T18:33:10.0000000,6299.76,6299.77,0.90847175,8.85224339
2018-11-13T18:33:10.0000000,6299.76,6299.77,0.90847175,9.85224339
2018-11-13T18:33:10.0000000,6299.76,6299.77,1.90847175,9.85224339
2018-11-13T18:33:10.0000000,6299.76,6299.77,1.90847175,8.85224339
2018-11-13T18:33:10.0000000,6299.76,6299.77,0.90847175,8.85224339
2018-11-13T18:33:11.0000000,6299.76,6299.77,0.90847175,9.85224339
2018-11-13T18:33:11.0000000,6299.76,6299.77,0.90847175,9.81882829
11/13/2018 18:33:11,6299.76,6299.77,0.90847175,9.81882829,7322401063,11/13/2018 18:33:11,sell,0.03341510,6299.77000000
2018-11-13T18:33:11.0000000,6299.76,6299.77,0.90847175,9.80350593
11/13/2018 18:33:11,6299.76,6299.77,0.90847175,9.80350593,7322401066,11/13/2018 18:33:11,sell,0.01532236,6299.77000000
2018-11-13T18:33:11.0000000,6299.76,6299.77,0.90847175,9.80350593
2018-11-13T18:33:12.0000000,6299.76,6299.77,0.90847175,8.80350593
2018-11-13T18:33:12.0000000,6299.76,6299.77,0.90847175,8.79918355
11/13/2018 18:33:12,6299.76,6299.77,0.90847175,8.79918355,7322401112,11/13/2018 18:33:12,sell,0.00432238,6299.77000000
2018-11-13T18:33:12.0000000,6299.76,6299.77,0.90847175,8.79918355
2018-11-13T18:33:12.0000000,6299.76,6299.77,1.90847175,8.79918355
2018-11-13T18:33:12.0000000,6299.76,6299.77,0.90847175,8.79918355
2018-11-13T18:33:12.0000000,6299.76,6299.77,1.90847175,8.79918355
2018-11-13T18:33:12.0000000,6299.76,6299.77,1.90847175,9.79918355
2018-11-13T18:33:12.0000000,6299.76,6299.77,0.90847175,9.79918355
2018-11-13T18:33:12.0000000,6299.76,6299.77,0.90847175,8.79918355
2018-11-13T18:33:12.0000000,6299.76,6299.77,1.90847175,8.79918355
2018-11-13T18:33:12.0000000,6299.76,6299.77,0.90847175,8.79918355
2018-11-13T18:33:12.0000000,6299.76,6299.77,1.90847175,8.79918355
2018-11-13T18:33:12.0000000,6299.76,6299.77,0.90847175,8.79918355
2018-11-13T18:33:12.0000000,6299.76,6299.77,0.90847175,9.79918355
2018-11-13T18:33:13.0000000,6299.76,6299.77,0.90847175,8.79918355
2018-11-13T18:33:13.0000000,6299.76,6299.77,1.90847175,8.79918355
2018-11-13T18:33:14.0000000,6299.76,6299.77,1.90847175,8.79507379
11/13/2018 18:33:14,6299.76,6299.77,1.90847175,8.79507379,7322401240,11/13/2018 18:33:14,sell,0.00410976,6299.77000000
2018-11-13T18:33:14.0000000,6299.76,6299.77,1.90847175,8.79507379
2018-11-13T18:33:14.0000000,6299.76,6299.77,1.48847175,8.79507379
2018-11-13T18:33:14.0000000,6299.76,6299.77,0.48847175,8.79507379
2018-11-13T18:33:14.0000000,6299.76,6299.77,0.48847175,8.73507379
2018-11-13T18:33:14.0000000,6299.76,6299.77,1.48847175,8.73507379
2018-11-13T18:33:15.0000000,6299.76,6299.77,0.48847175,8.73507379
2018-11-13T18:33:16.0000000,6299.76,6299.77,1.48847175,8.73507379
2018-11-13T18:33:16.0000000,6299.76,6299.77,1.48847175,8.79507379
2018-11-13T18:33:16.0000000,6299.76,6299.77,0.48847175,8.79507379
2018-11-13T18:33:16.0000000,6299.76,6299.77,0.48847175,9.79507379
2018-11-13T18:33:17.0000000,6299.76,6299.77,0.48847175,8.79507379
2018-11-13T18:33:17.0000000,6299.76,6299.77,1.48847175,8.79507379
2018-11-13T18:33:18.0000000,6299.76,6299.77,1.48847175,8.78749079
11/13/2018 18:33:18,6299.76,6299.77,1.48847175,8.78749079,7322401497,11/13/2018 18:33:18,sell,0.00758300,6299.77000000
2018-11-13T18:33:18.0000000,6299.76,6299.77,1.48847175,8.78749079
2018-11-13T18:33:19.0000000,6299.76,6299.77,1.90847175,8.78749079
2018-11-13T18:33:19.0000000,6299.76,6299.77,1.48847175,8.78749079
2018-11-13T18:33:20.0000000,6299.76,6299.77,1.48847175,8.78377747
11/13/2018 18:33:20,6299.76,6299.77,1.48847175,8.78377747,7322401580,11/13/2018 18:33:20,sell,0.00371332,6299.77000000
2018-11-13T18:33:20.0000000,6299.76,6299.77,1.48847175,8.78377747
2018-11-13T18:33:20.0000000,6299.76,6299.77,0.48847175,8.78377747
2018-11-13T18:33:20.0000000,6299.76,6299.77,0.48847175,9.78377747
2018-11-13T18:33:20.0000000,6299.76,6299.77,0.48847175,8.78377747
2018-11-13T18:33:20.0000000,6299.76,6299.77,1.48847175,8.78377747
2018-11-13T18:33:21.0000000,6299.76,6299.77,1.48847175,8.76555048
11/13/2018 18:33:21,6299.76,6299.77,1.48847175,8.76555048,7322401661,11/13/2018 18:33:21,sell,0.01822699,6299.77000000
2018-11-13T18:33:21.0000000,6299.76,6299.77,1.48847175,8.76555048
2018-11-13T18:33:21.0000000,6299.76,6299.77,1.47921175,8.76555048
11/13/2018 18:33:21,6299.76,6299.77,1.47921175,8.76555048,7322401673,11/13/2018 18:33:21,buy,0.00926000,6299.76000000
2018-11-13T18:33:21.0000000,6299.76,6299.77,1.47921175,8.76555048
2018-11-13T18:33:22.0000000,6299.76,6299.77,1.47921175,8.85555048
2018-11-13T18:33:23.0000000,6299.76,6299.77,1.24622453,8.85555048
11/13/2018 18:33:23,6299.76,6299.77,1.24622453,8.85555048,7322401807,11/13/2018 18:33:23,buy,0.23298722,6299.76000000
2018-11-13T18:33:23.0000000,6299.76,6299.77,1.24622453,8.85555048
2018-11-13T18:33:23.0000000,6299.76,6299.77,1.24622453,8.79555048
2018-11-13T18:33:24.0000000,6299.76,6299.77,1.24622453,8.78875721
11/13/2018 18:33:24,6299.76,6299.77,1.24622453,8.78875721,7322401891,11/13/2018 18:33:24,sell,0.00679327,6299.77000000
2018-11-13T18:33:24.0000000,6299.76,6299.77,1.24622453,8.78875721
2018-11-13T18:33:24.0000000,6299.76,6299.77,1.24622453,8.78196394
11/13/2018 18:33:24,6299.76,6299.77,1.24622453,8.78196394,7322401924,11/13/2018 18:33:24,sell,0.00679327,6299.77000000
2018-11-13T18:33:24.0000000,6299.76,6299.77,1.24622453,8.78196394
2018-11-13T18:33:26.0000000,6299.76,6299.77,0.24622453,8.78196394
2018-11-13T18:33:26.0000000,6299.76,6299.77,0.24622453,9.78196394
2018-11-13T18:33:27.0000000,6299.76,6299.77,0.24622453,9.71969048
11/13/2018 18:33:27,6299.76,6299.77,0.24622453,9.71969048,7322402077,11/13/2018 18:33:27,sell,0.06227346,6299.77000000
2018-11-13T18:33:27.0000000,6299.76,6299.77,0.24622453,9.71969048
2018-11-13T18:33:28.0000000,6299.76,6299.77,0.23,9.71969048
11/13/2018 18:33:28,6299.76,6299.77,0.23,9.71969048,7322402108,11/13/2018 18:33:28,buy,0.01622453,6299.76000000
2018-11-13T18:33:28.0000000,6299.76,6299.77,0.23,9.71969048
2018-11-13T18:33:28.0000000,6299.76,6299.77,0.13515982,9.71969048
11/13/2018 18:33:28,6299.76,6299.77,0.13515982,9.71969048,7322402110,11/13/2018 18:33:28,buy,0.09484018,6299.76000000
2018-11-13T18:33:28.0000000,6299.76,6299.77,0.13515982,9.71969048
2018-11-13T18:33:29.0000000,6299.76,6299.77,0.13515982,9.77969048
2018-11-13T18:33:29.0000000,6299.76,6299.77,0.07159264,9.77969048
11/13/2018 18:33:29,6299.76,6299.77,0.07159264,9.77969048,7322402161,11/13/2018 18:33:29,buy,0.06356718,6299.76000000
2018-11-13T18:33:29.0000000,6299.76,6299.77,0.07159264,9.77969048
2018-11-13T18:33:30.0000000,6299.76,6299.77,0.07159264,9.77597716
11/13/2018 18:33:30,6299.76,6299.77,0.07159264,9.77597716,7322402248,11/13/2018 18:33:30,sell,0.00371332,6299.77000000
2018-11-13T18:33:30.0000000,6299.76,6299.77,0.07159264,9.77597716
2018-11-13T18:33:31.0000000,6299.76,6299.77,0.07159264,9.76460345
11/13/2018 18:33:31,6299.76,6299.77,0.07159264,9.76460345,7322402329,11/13/2018 18:33:31,sell,0.01137371,6299.77000000
2018-11-13T18:33:31.0000000,6299.76,6299.77,0.07159264,9.76460345
2018-11-13T18:33:31.0000000,6299.76,6299.77,0.07159264,10.07460345
2018-11-13T18:33:31.0000000,6299.76,6299.77,0.02048569,10.07460345
11/13/2018 18:33:31,6299.76,6299.77,0.02048569,10.07460345,7322402340,11/13/2018 18:33:31,buy,0.05110695,6299.76000000
2018-11-13T18:33:31.0000000,6299.76,6299.77,0.02048569,10.07460345
2018-11-13T18:33:33.0000000,6299.76,6299.77,0.02048569,10.01460345
2018-11-13T18:33:37.0000000,6299.76,6299.77,0.23,10.01460345
2018-11-13T18:33:37.0000000,6299.76,6299.77,0.23,10.07460345
2018-11-13T18:33:38.0000000,6299.76,6299.77,0.23,10.01460345
2018-11-13T18:33:38.0000000,6299.76,6299.77,0.20951431,10.01460345
11/13/2018 18:33:38,6299.76,6299.77,0.20951431,10.01460345,7322402670,11/13/2018 18:33:38,buy,0.02048569,6299.76000000
2018-11-13T18:33:38.0000000,6299.76,6299.77,0.20951431,10.01460345
2018-11-13T18:33:38.0000000,6299.76,6299.77,0,10.01460345
11/13/2018 18:33:38,6299.76,6299.77,0,10.01460345,7322402672,11/13/2018 18:33:38,buy,0.20951431,6299.76000000
11/13/2018 18:33:38,6299.76,6299.77,0,10.01460345,7322402674,11/13/2018 18:33:38,buy,0.00100000,6299.56000000
11/13/2018 18:33:38,6299.76,6299.77,0,10.01460345,7322402676,11/13/2018 18:33:38,buy,0.12000000,6298.88000000
11/13/2018 18:33:38,6299.76,6299.77,0,10.01460345,7322402678,11/13/2018 18:33:38,buy,0.00238161,6298.25000000
11/13/2018 18:33:38,6299.76,6299.77,0,10.01460345,7322402680,11/13/2018 18:33:38,buy,0.03100000,6298.00000000
2018-11-13T18:33:38.0000000,6297.78,6299.77,0,10.01460345
2018-11-13T18:33:38.0000000,6297.78,6299.77,0.74607425,10.01460345
11/13/2018 18:33:38,6297.78,6299.77,0.74607425,10.01460345,7322402682,11/13/2018 18:33:38,buy,0.25392575,6297.78000000
2018-11-13T18:33:38.0000000,6297.78,6299.77,0.74607425,10.01460345
2018-11-13T18:33:38.0000000,6297.78,6299.77,0.74607425,9.92460345
2018-11-13T18:33:38.0000000,6297.78,6299.77,0.74607425,9.61460345
2018-11-13T18:33:38.0000000,6297.78,6299.77,2.74607425,9.61460345
2018-11-13T18:33:38.0000000,6297.78,6299.77,5.24607425,9.61460345
2018-11-13T18:33:38.0000000,6297.78,6299.77,6.24607425,9.61460345
2018-11-13T18:33:38.0000000,6297.78,6299.77,6.24607425,9.61062913
2018-11-13T18:33:39.0000000,6297.78,6299.77,6.24607425,8.61062913
2018-11-13T18:33:39.0000000,6297.78,6299.77,5.24607425,8.61062913
2018-11-13T18:33:39.0000000,6297.78,6299.77,5.66607425,8.61062913
2018-11-13T18:33:39.0000000,6297.78,6299.77,6.66607425,8.61062913
2018-11-13T18:33:39.0000000,6297.78,6299.77,5.66607425,8.61062913
2018-11-13T18:33:39.0000000,6297.78,6299.77,6.66607425,8.61062913
2018-11-13T18:33:39.0000000,6297.78,6299.77,6.24607425,8.61062913
2018-11-13T18:33:39.0000000,6297.78,6299.77,6.45807425,8.61062913
2018-11-13T18:33:39.0000000,6297.78,6299.77,6.87807425,8.61062913
2018-11-13T18:33:39.0000000,6297.78,6299.77,6.87807425,5.63707586
2018-11-13T18:33:39.0000000,6297.78,6299.77,5.87807425,5.63707586
2018-11-13T18:33:39.0000000,6297.78,6299.77,5.45807425,5.63707586
2018-11-13T18:33:39.0000000,6297.78,6299.77,5.29885944,5.63707586
11/13/2018 18:33:39,6297.78,6299.77,5.29885944,5.63707586,7322402792,11/13/2018 18:33:39,buy,0.15921481,6297.78000000
2018-11-13T18:33:39.0000000,6297.78,6297.79,5.29885944,5.63707586
2018-11-13T18:33:39.0000000,6297.78,6297.79,5.29885944,2.71398975
2018-11-13T18:33:39.0000000,6297.78,6297.79,5.71885944,2.71398975
2018-11-13T18:33:39.0000000,6297.78,6297.79,5.81885944,2.71398975
2018-11-13T18:33:39.0000000,6297.78,6297.79,5.81885944,1.71398975
2018-11-13T18:33:39.0000000,6297.78,6297.79,5.81885944,2.71398975
2018-11-13T18:33:39.0000000,6297.78,6297.79,5.81885944,1.71398975
2018-11-13T18:33:40.0000000,6297.78,6297.79,5.81885944,0.00397432
2018-11-13T18:33:40.0000000,6297.78,6297.79,6.81885944,0.00397432
2018-11-13T18:33:40.0000000,6297.78,6297.79,6.82385733,0.00397432
2018-11-13T18:33:40.0000000,6297.78,6297.79,6.76802047,0.00397432
11/13/2018 18:33:40,6297.78,6297.79,6.76802047,0.00397432,7322402949,11/13/2018 18:33:40,buy,0.05583686,6297.78000000
2018-11-13T18:33:40.0000000,6297.78,6297.79,6.76802047,0.00397432
2018-11-13T18:33:40.0000000,6297.78,6297.79,4.26802047,0.00397432
2018-11-13T18:33:41.0000000,6297.78,6297.79,6.76802047,0.00397432
2018-11-13T18:33:41.0000000,6297.78,6297.79,6.76802047,0.04846017
2018-11-13T18:33:42.0000000,6297.78,6297.79,6.75876047,0.04846017
11/13/2018 18:33:42,6297.78,6297.79,6.75876047,0.04846017,7322403082,11/13/2018 18:33:42,buy,0.00926000,6297.78000000
2018-11-13T18:33:42.0000000,6297.78,6297.79,6.75876047,0.04846017
2018-11-13T18:33:43.0000000,6297.78,6297.79,6.75876047,0.14105017
2018-11-13T18:33:44.0000000,6297.78,6297.79,6.98876047,0.14105017
2018-11-13T18:33:46.0000000,6297.78,6297.79,6.97967295,0.14105017
11/13/2018 18:33:46,6297.78,6297.79,6.97967295,0.14105017,7322403372,11/13/2018 18:33:46,buy,0.00908752,6297.78000000
2018-11-13T18:33:46.0000000,6297.78,6297.79,6.97967295,0.14105017
2018-11-13T18:33:47.0000000,6297.78,6297.79,6.55967295,0.14105017
2018-11-13T18:33:47.0000000,6297.78,6297.79,6.97967295,0.14105017
2018-11-13T18:33:49.0000000,6297.78,6297.79,6.91879336,0.14105017
11/13/2018 18:33:49,6297.78,6297.79,6.91879336,0.14105017,7322403515,11/13/2018 18:33:49,buy,0.06087959,6297.78000000
2018-11-13T18:33:49.0000000,6297.78,6297.79,6.91879336,0.14105017
2018-11-13T18:33:49.0000000,6297.78,6297.79,5.91879336,0.14105017
2018-11-13T18:33:49.0000000,6297.78,6297.79,5.91879336,1.14105017
2018-11-13T18:33:49.0000000,6297.78,6297.79,5.91879336,0.14105017
2018-11-13T18:33:49.0000000,6297.78,6297.79,6.91879336,0.14105017
2018-11-13T18:33:49.0000000,6297.78,6297.79,6.92641536,0.14105017
2018-11-13T18:33:49.0000000,6297.78,6297.79,6.92641536,1.14105017
2018-11-13T18:33:49.0000000,6297.78,6297.79,5.92641536,1.14105017
2018-11-13T18:33:49.0000000,6297.78,6297.79,5.92641536,0.14105017
2018-11-13T18:33:49.0000000,6297.78,6297.79,5.50641536,0.14105017
2018-11-13T18:33:49.0000000,6297.78,6297.79,6.50641536,0.14105017
2018-11-13T18:33:49.0000000,6297.78,6297.79,5.50641536,0.14105017
2018-11-13T18:33:49.0000000,6297.78,6297.79,6.50641536,0.14105017
2018-11-13T18:33:49.0000000,6297.78,6297.79,5.50641536,0.14105017
2018-11-13T18:33:49.0000000,6297.78,6297.79,6.50641536,0.14105017
2018-11-13T18:33:49.0000000,6297.78,6297.79,6.92641536,0.14105017
2018-11-13T18:33:50.0000000,6297.78,6297.79,5.92641536,0.14105017
2018-11-13T18:33:50.0000000,6297.78,6297.79,6.92641536,0.14105017
2018-11-13T18:33:52.0000000,6297.78,6297.79,6.85979242,0.14105017
11/13/2018 18:33:52,6297.78,6297.79,6.85979242,0.14105017,7322403770,11/13/2018 18:33:52,buy,0.06662294,6297.78000000
2018-11-13T18:33:52.0000000,6297.78,6297.79,6.85979242,0.14105017
2018-11-13T18:33:52.0000000,6297.78,6297.79,6.86741442,0.14105017
2018-11-13T18:33:52.0000000,6297.78,6297.79,6.56030891,0.14105017
11/13/2018 18:33:52,6297.78,6297.79,6.56030891,0.14105017,7322403782,11/13/2018 18:33:52,buy,0.30710551,6297.78000000
2018-11-13T18:33:52.0000000,6297.78,6297.79,6.56030891,0.14105017
2018-11-13T18:33:52.0000000,6297.78,6297.79,6.48224189,0.14105017
11/13/2018 18:33:52,6297.78,6297.79,6.48224189,0.14105017,7322403792,11/13/2018 18:33:52,buy,0.07806702,6297.78000000
2018-11-13T18:33:52.0000000,6297.78,6297.79,6.48224189,0.14105017
2018-11-13T18:33:52.0000000,6297.78,6297.79,6.43641649,0.14105017
11/13/2018 18:33:52,6297.78,6297.79,6.43641649,0.14105017,7322403794,11/13/2018 18:33:52,buy,0.04582540,6297.78000000
2018-11-13T18:33:52.0000000,6297.78,6297.79,6.43641649,0.14105017
2018-11-13T18:33:52.0000000,6297.78,6297.79,6.01641649,0.14105017
2018-11-13T18:33:52.0000000,6297.78,6297.79,6.43641649,0.14105017
2018-11-13T18:33:53.0000000,6297.78,6297.79,6.01641649,0.14105017
2018-11-13T18:33:53.0000000,6297.78,6297.79,6.01641649,0.23105017
2018-11-13T18:33:54.0000000,6297.78,6297.79,5.01641649,0.23105017
2018-11-13T18:33:54.0000000,6297.78,6297.79,5.01641649,1.23105017
2018-11-13T18:33:54.0000000,6297.78,6297.79,2.51641649,1.23105017
2018-11-13T18:33:54.0000000,6297.78,6297.79,2.51641649,0.23105017
2018-11-13T18:33:54.0000000,6297.78,6297.79,3.51641649,0.23105017
2018-11-13T18:33:54.0000000,6297.78,6297.79,2.51641649,0.23105017
2018-11-13T18:33:54.0000000,6297.78,6297.79,2.51641649,1.23105017
2018-11-13T18:33:54.0000000,6297.78,6297.79,2.51641649,0.23105017
2018-11-13T18:33:54.0000000,6297.78,6297.79,2.51641649,2.73105017
2018-11-13T18:33:54.0000000,6297.78,6297.79,2.51641649,2.72707585
11/13/2018 18:33:54,6297.78,6297.79,2.51641649,2.72707585,7322404010,11/13/2018 18:33:54,sell,0.00397432,6297.79000000
2018-11-13T18:33:54.0000000,6297.78,6297.79,2.51641649,2.72707585
2018-11-13T18:33:54.0000000,6297.78,6297.79,2.51641649,2.6999234
11/13/2018 18:33:54,6297.78,6297.79,2.51641649,2.6999234,7322404012,11/13/2018 18:33:54,sell,0.02715245,6297.79000000
2018-11-13T18:33:54.0000000,6297.78,6297.79,2.51641649,2.6999234
2018-11-13T18:33:54.0000000,6297.78,6297.79,2.51641649,0.1999234
2018-11-13T18:33:54.0000000,6297.78,6297.79,2.51641649,1.1999234
2018-11-13T18:33:54.0000000,6297.78,6297.79,2.51641649,2.1999234
2018-11-13T18:33:54.0000000,6297.78,6297.79,2.51641649,1.1999234
2018-11-13T18:33:54.0000000,6297.78,6297.79,2.51641649,1.18259
11/13/2018 18:33:54,6297.78,6297.79,2.51641649,1.18259,7322404023,11/13/2018 18:33:54,sell,0.01733340,6297.79000000
2018-11-13T18:33:54.0000000,6297.78,6297.79,2.51641649,1.18259
2018-11-13T18:33:54.0000000,6297.78,6297.79,2.51641649,1.17713407
11/13/2018 18:33:54,6297.78,6297.79,2.51641649,1.17713407,7322404025,11/13/2018 18:33:54,sell,0.00545593,6297.79000000
2018-11-13T18:33:54.0000000,6297.78,6297.79,2.51641649,1.17713407
2018-11-13T18:33:54.0000000,6297.78,6297.79,2.51641649,0.17713407
2018-11-13T18:33:54.0000000,6297.78,6297.79,2.51641649,2.67713407
2018-11-13T18:33:54.0000000,6297.78,6297.79,2.51641649,0.17713407
2018-11-13T18:33:54.0000000,6297.78,6297.79,2.51641649,1.17713407
2018-11-13T18:33:54.0000000,6297.78,6297.79,2.51641649,3.67713407
2018-11-13T18:33:54.0000000,6297.78,6297.79,2.51641649,1.17713407
2018-11-13T18:33:54.0000000,6297.78,6297.79,2.51641649,3.67713407
2018-11-13T18:33:54.0000000,6297.78,6297.79,2.51641649,1.17713407
2018-11-13T18:33:54.0000000,6297.78,6297.79,2.51641649,3.67713407
2018-11-13T18:33:54.0000000,6297.78,6297.79,2.51641649,1.17713407
2018-11-13T18:33:54.0000000,6297.78,6297.79,2.52403849,1.17713407
2018-11-13T18:33:54.0000000,6297.78,6297.79,2.52403849,0.17713407
2018-11-13T18:33:54.0000000,6297.78,6297.79,2.52403849,2.67713407
2018-11-13T18:33:54.0000000,6297.78,6297.79,2.52403849,3.67713407
2018-11-13T18:33:54.0000000,6297.78,6297.79,2.52403849,1.17713407
2018-11-13T18:33:54.0000000,6297.78,6297.79,2.52403849,2.17713407
2018-11-13T18:33:54.0000000,6297.78,6297.79,2.52403849,1.17713407
2018-11-13T18:33:54.0000000,6297.78,6297.79,0.56986389,1.17713407
2018-11-13T18:33:54.0000000,6297.78,6297.79,0.56986389,0.17713407
2018-11-13T18:33:54.0000000,6297.78,6297.79,0.56986389,1.17713407
2018-11-13T18:33:54.0000000,6297.78,6297.79,0.56986389,2.17713407
2018-11-13T18:33:54.0000000,6297.78,6297.79,0.56986389,4.67713407
2018-11-13T18:33:55.0000000,6297.78,6297.79,0.33986389,4.67713407
2018-11-13T18:33:55.0000000,6297.78,6297.79,0.33986389,8.64713407
2018-11-13T18:33:56.0000000,6297.78,6297.79,0.33986389,7.64713407
2018-11-13T18:33:57.0000000,6297.78,6297.79,0.33986389,5.14713407
2018-11-13T18:33:57.0000000,6297.78,6297.79,0.33986389,7.64713407
2018-11-13T18:33:57.0000000,6297.78,6297.79,0.33986389,7.63954869
11/13/2018 18:33:57,6297.78,6297.79,0.33986389,7.63954869,7322404345,11/13/2018 18:33:57,sell,0.00758538,6297.79000000
2018-11-13T18:33:57.0000000,6297.78,6297.79,0.33986389,7.63954869
2018-11-13T18:33:57.0000000,6297.78,6297.79,0.34748589,7.63954869
2018-11-13T18:34:01.0000000,6297.78,6297.79,0.34748589,5.13954869
2018-11-13T18:34:01.0000000,6297.78,6297.79,0.34748589,5.04954869
2018-11-13T18:34:02.0000000,6297.78,6297.79,0.34748589,7.54954869
2018-11-13T18:34:02.0000000,6297.78,6297.79,0.34748589,7.63954869
2018-11-13T18:34:02.0000000,6297.78,6297.79,0.33952589,7.63954869
11/13/2018 18:34:02,6297.78,6297.79,0.33952589,7.63954869,7322404673,11/13/2018 18:34:02,buy,0.00796000,6297.78000000
2018-11-13T18:34:02.0000000,6297.78,6297.79,0.33952589,7.63954869
2018-11-13T18:34:02.0000000,6297.78,6297.79,0.34714789,7.63954869
2018-11-13T18:34:03.0000000,6297.78,6297.79,0.34714789,7.56
2018-11-13T18:34:03.0000000,6297.78,6297.79,0.34714789,7.65259
2018-11-13T18:34:03.0000000,6297.78,6297.79,0.34498872,7.65259
11/13/2018 18:34:03,6297.78,6297.79,0.34498872,7.65259,7322404776,11/13/2018 18:34:03,buy,0.00215917,6297.78000000
2018-11-13T18:34:03.0000000,6297.78,6297.79,0.34498872,7.65259
2018-11-13T18:34:03.0000000,6297.78,6297.79,0.35261072,7.65259
2018-11-13T18:34:05.0000000,6297.78,6297.79,0.35261072,7.56259
2018-11-13T18:34:06.0000000,6297.78,6297.79,0.35261072,7.65259
2018-11-13T18:34:06.0000000,6297.78,6297.79,0.35261072,7.56259
2018-11-13T18:34:07.0000000,6297.78,6297.79,0.35261072,7.65259
2018-11-13T18:34:08.0000000,6297.78,6297.79,0.35261072,7.65045548
11/13/2018 18:34:08,6297.78,6297.79,0.35261072,7.65045548,7322405083,11/13/2018 18:34:08,sell,0.00213452,6297.79000000
2018-11-13T18:34:08.0000000,6297.78,6297.79,0.35261072,7.65045548
2018-11-13T18:34:08.0000000,6297.78,6297.79,0.36023272,7.65045548
2018-11-13T18:34:08.0000000,6297.78,6297.79,0.36023272,7.56045548
2018-11-13T18:34:09.0000000,6297.78,6297.79,0.36023272,7.65045548
2018-11-13T18:34:09.0000000,6297.78,6297.79,0.3482336,7.65045548
11/13/2018 18:34:09,6297.78,6297.79,0.3482336,7.65045548,7322405179,11/13/2018 18:34:09,buy,0.01199912,6297.78000000
2018-11-13T18:34:09.0000000,6297.78,6297.79,0.3482336,7.65045548
2018-11-13T18:34:09.0000000,6297.78,6297.79,0.3558556,7.65045548
2018-11-13T18:34:13.0000000,6297.78,6297.79,0.3558556,7.86930252
2018-11-13T18:34:13.0000000,6297.78,6297.79,0.3558556,6.87143704
2018-11-13T18:34:13.0000000,6297.78,6297.79,1.3558556,6.87143704
2018-11-13T18:34:13.0000000,6297.78,6297.79,1.3558556,7.87143704
2018-11-13T18:34:13.0000000,6297.78,6297.79,0.3558556,7.87143704
2018-11-13T18:34:13.0000000,6297.78,6297.79,0.3558556,6.87143704
2018-11-13T18:34:13.0000000,6297.78,6297.79,0.3558556,7.87143704
2018-11-13T18:34:14.0000000,6297.78,6297.79,0.3558556,6.87143704
2018-11-13T18:34:14.0000000,6297.78,6297.79,1.3558556,6.87143704
2018-11-13T18:34:14.0000000,6297.78,6297.79,1.3558556,4.37143704
2018-11-13T18:34:14.0000000,6297.78,6297.79,0.3558556,4.37143704
2018-11-13T18:34:14.0000000,6297.78,6297.79,1.3558556,4.37143704
2018-11-13T18:34:14.0000000,6297.78,6297.79,1.3558556,5.37143704
2018-11-13T18:34:14.0000000,6297.78,6297.79,1.3558556,5.31066392
11/13/2018 18:34:14,6297.78,6297.79,1.3558556,5.31066392,7322405593,11/13/2018 18:34:14,sell,0.06077312,6297.79000000
2018-11-13T18:34:14.0000000,6297.78,6297.79,1.3558556,5.31066392
2018-11-13T18:34:14.0000000,6297.78,6297.79,1.3558556,4.31066392
2018-11-13T18:34:14.0000000,6297.78,6297.79,3.8558556,4.31066392
2018-11-13T18:34:14.0000000,6297.78,6297.79,3.8615716,4.31066392
2018-11-13T18:34:14.0000000,6297.78,6297.79,1.3615716,4.31066392
2018-11-13T18:34:14.0000000,6297.78,6297.79,3.3615716,4.31066392
2018-11-13T18:34:14.0000000,6297.78,6297.79,2.3615716,4.31066392
2018-11-13T18:34:14.0000000,6297.78,6297.79,2.3615716,6.81066392
2018-11-13T18:34:14.0000000,6297.78,6297.79,3.3615716,6.81066392
2018-11-13T18:34:14.0000000,6297.78,6297.79,3.3615716,4.31066392
2018-11-13T18:34:14.0000000,6297.78,6297.79,2.3615716,4.31066392
2018-11-13T18:34:14.0000000,6297.78,6297.79,2.3615716,6.81066392
2018-11-13T18:34:14.0000000,6297.78,6297.79,3.3615716,6.81066392
2018-11-13T18:34:14.0000000,6297.78,6297.79,3.3615716,4.31066392
2018-11-13T18:34:14.0000000,6297.78,6297.79,2.3615716,4.31066392
2018-11-13T18:34:14.0000000,6297.78,6297.79,2.3615716,5.31066392
2018-11-13T18:34:14.0000000,6297.78,6297.79,2.3615716,7.81066392
2018-11-13T18:34:14.0000000,6297.78,6297.79,2.3615716,6.81066392
2018-11-13T18:34:14.0000000,6297.78,6297.79,2.3615716,4.31066392
2018-11-13T18:34:14.0000000,6297.78,6297.79,3.3615716,4.31066392
2018-11-13T18:34:14.0000000,6297.78,6297.79,1.3615716,4.31066392
2018-11-13T18:34:14.0000000,6297.78,6297.79,0.3615716,4.31066392
2018-11-13T18:34:14.0000000,6297.78,6297.79,0.3615716,6.81066392
2018-11-13T18:34:14.0000000,6297.78,6297.79,0.3615716,7.81066392
2018-11-13T18:34:15.0000000,6297.78,6297.79,0.3615716,7.80694944
11/13/2018 18:34:15,6297.78,6297.79,0.3615716,7.80694944,7322405770,11/13/2018 18:34:15,sell,0.00371448,6297.79000000
2018-11-13T18:34:15.0000000,6297.78,6297.79,0.3615716,7.80694944
2018-11-13T18:34:15.0000000,6297.78,6297.79,0.3615716,7.79479482
11/13/2018 18:34:15,6297.78,6297.79,0.3615716,7.79479482,7322405776,11/13/2018 18:34:15,sell,0.01215462,6297.79000000
2018-11-13T18:34:15.0000000,6297.78,6297.79,0.3615716,7.79479482
2018-11-13T18:34:15.0000000,6297.78,6297.79,0.3672876,7.79479482
2018-11-13T18:34:16.0000000,6297.78,6297.79,0.3672876,8.79479482
2018-11-13T18:34:16.0000000,6297.78,6297.79,0.35883124,8.79479482
11/13/2018 18:34:16,6297.78,6297.79,0.35883124,8.79479482,7322405943,11/13/2018 18:34:16,buy,0.00845636,6297.78000000
2018-11-13T18:34:16.0000000,6297.78,6297.79,0.35883124,8.79479482
2018-11-13T18:34:17.0000000,6297.78,6297.79,0.36454724,8.79479482
2018-11-13T18:34:20.0000000,6297.78,6297.79,0.36454724,7.79479482
2018-11-13T18:34:20.0000000,6297.78,6297.79,0.36454724,8.79479482
2018-11-13T18:34:20.0000000,6297.78,6297.79,0.36454724,7.79479482
2018-11-13T18:34:20.0000000,6297.78,6297.79,0.36454724,8.79479482
2018-11-13T18:34:20.0000000,6297.78,6297.79,0.36454724,7.79479482
2018-11-13T18:34:20.0000000,6297.78,6297.79,0.36454724,8.79479482
2018-11-13T18:34:20.0000000,6297.78,6297.79,0.36454724,7.79479482
2018-11-13T18:34:20.0000000,6297.78,6297.79,1.36454724,7.79479482
2018-11-13T18:34:20.0000000,6297.78,6297.79,0.36454724,7.79479482
2018-11-13T18:34:20.0000000,6297.78,6297.79,0.36454724,8.79479482
2018-11-13T18:34:20.0000000,6297.78,6297.79,0.36454724,7.79479482
2018-11-13T18:34:20.0000000,6297.78,6297.79,0.36454724,8.79479482
2018-11-13T18:34:20.0000000,6297.78,6297.79,0.36454724,7.79479482
2018-11-13T18:34:20.0000000,6297.78,6297.79,0.36454724,8.79479482
2018-11-13T18:34:20.0000000,6297.78,6297.79,0.36454724,7.79479482
2018-11-13T18:34:20.0000000,6297.78,6297.79,0.36454724,8.79479482
2018-11-13T18:34:20.0000000,6297.78,6297.79,0.36454724,7.79479482
2018-11-13T18:34:20.0000000,6297.78,6297.79,1.36454724,7.79479482
2018-11-13T18:34:20.0000000,6297.78,6297.79,0.36454724,7.79479482
2018-11-13T18:34:20.0000000,6297.78,6297.79,0.36454724,8.79479482
2018-11-13T18:34:21.0000000,6297.78,6297.79,0.36454724,8.00324019
11/13/2018 18:34:21,6297.78,6297.79,0.36454724,8.00324019,7322406480,11/13/2018 18:34:21,sell,0.79155463,6297.79000000
2018-11-13T18:34:21.0000000,6297.78,6297.79,0.36454724,8.00324019
2018-11-13T18:34:21.0000000,6297.78,6297.79,0.37026324,8.00324019
2018-11-13T18:34:22.0000000,6297.78,6297.79,0.37026324,8.00213264
11/13/2018 18:34:22,6297.78,6297.79,0.37026324,8.00213264,7322406637,11/13/2018 18:34:22,sell,0.00110755,6297.79000000
2018-11-13T18:34:22.0000000,6297.78,6297.79,0.37026324,8.00213264
2018-11-13T18:34:22.0000000,6297.78,6297.79,0.37597924,8.00213264
2018-11-13T18:34:22.0000000,6297.78,6297.79,0.37597924,8.0007091
11/13/2018 18:34:22,6297.78,6297.79,0.37597924,8.0007091,7322406651,11/13/2018 18:34:22,sell,0.00142354,6297.79000000
2018-11-13T18:34:22.0000000,6297.78,6297.79,0.37597924,8.0007091
2018-11-13T18:34:22.0000000,6297.78,6297.79,0.36671924,8.0007091
11/13/2018 18:34:22,6297.78,6297.79,0.36671924,8.0007091,7322406671,11/13/2018 18:34:22,buy,0.00926000,6297.78000000
2018-11-13T18:34:22.0000000,6297.78,6297.79,0.36671924,8.0007091
2018-11-13T18:34:24.0000000,6297.78,6297.79,0.59671924,8.0007091
2018-11-13T18:34:25.0000000,6297.78,6297.79,0.55055746,8.0007091
11/13/2018 18:34:25,6297.78,6297.79,0.55055746,8.0007091,7322406874,11/13/2018 18:34:25,buy,0.04616178,6297.78000000
2018-11-13T18:34:25.0000000,6297.78,6297.79,0.55055746,8.0007091
2018-11-13T18:34:25.0000000,6297.78,6297.79,0.55627346,8.0007091
2018-11-13T18:34:29.0000000,6297.78,6297.79,0.55627346,7.6893561
11/13/2018 18:34:29,6297.78,6297.79,0.55627346,7.6893561,7322407102,11/13/2018 18:34:29,sell,0.31135300,6297.79000000
2018-11-13T18:34:29.0000000,6297.78,6297.79,0.55627346,7.6893561
2018-11-13T18:34:29.0000000,6297.78,6297.79,0.55627346,6.6893561
2018-11-13T18:34:29.0000000,6297.78,6297.79,1.55627346,6.6893561
2018-11-13T18:34:29.0000000,6297.78,6297.79,1.56198946,6.6893561
2018-11-13T18:34:29.0000000,6297.78,6297.79,1.56198946,7.6893561
2018-11-13T18:34:29.0000000,6297.78,6297.79,1.56198946,5.1893561
2018-11-13T18:34:29.0000000,6297.78,6297.79,0.56198946,5.1893561
2018-11-13T18:34:29.0000000,6297.78,6297.79,0.56198946,4.1893561
2018-11-13T18:34:29.0000000,6297.78,6297.79,1.56198946,4.1893561
2018-11-13T18:34:29.0000000,6297.78,6297.79,0.56198946,4.1893561
2018-11-13T18:34:29.0000000,6297.78,6297.79,1.56198946,4.1893561
2018-11-13T18:34:29.0000000,6297.78,6297.79,0.56198946,4.1893561
2018-11-13T18:34:29.0000000,6297.78,6297.79,1.56198946,4.1893561
2018-11-13T18:34:30.0000000,6297.78,6297.79,1.56198946,6.6893561
2018-11-13T18:34:30.0000000,6297.78,6297.79,0.56198946,6.6893561
2018-11-13T18:34:30.0000000,6297.78,6297.79,0.56198946,7.6893561
2018-11-13T18:34:30.0000000,6297.78,6297.79,0.56198946,6.6893561
2018-11-13T18:34:30.0000000,6297.78,6297.79,0.56198946,4.1893561
2018-11-13T18:34:30.0000000,6297.78,6297.79,0.56198946,4.16070319
11/13/2018 18:34:30,6297.78,6297.79,0.56198946,4.16070319,7322407271,11/13/2018 18:34:30,sell,0.02865291,6297.79000000
2018-11-13T18:34:30.0000000,6297.78,6297.79,0.56198946,4.16070319
2018-11-13T18:34:30.0000000,6297.78,6297.79,1.56198946,4.16070319
2018-11-13T18:34:30.0000000,6297.78,6297.79,4.06198946,4.16070319
2018-11-13T18:34:30.0000000,6297.78,6297.79,4.06198946,4.07070319
2018-11-13T18:34:30.0000000,6297.78,6297.79,4.06770546,4.07070319
2018-11-13T18:34:30.0000000,6297.78,6297.79,4.06770546,3.85185615
2018-11-13T18:34:31.0000000,6297.78,6297.79,4.06770546,2.85185615
2018-11-13T18:34:31.0000000,6297.78,6297.79,4.06770546,0.09259
2018-11-13T18:34:31.0000000,6297.78,6297.79,6.06770546,0.09259
2018-11-13T18:34:31.0000000,6297.78,6297.79,6.49770546,0.09259
2018-11-13T18:34:32.0000000,6297.78,6297.79,6.49770546,0.31143704
2018-11-13T18:34:32.0000000,6297.78,6297.79,6.06770546,0.31143704
2018-11-13T18:34:33.0000000,6297.78,6297.79,6.49770546,0.31143704
2018-11-13T18:34:33.0000000,6297.78,6297.79,6.06770546,0.31143704
2018-11-13T18:34:33.0000000,6297.78,6297.79,6.49770546,0.31143704
2018-11-13T18:34:33.0000000,6297.78,6297.79,6.06770546,0.31143704
2018-11-13T18:34:34.0000000,6297.78,6297.79,6.06770546,0.21884704
11/13/2018 18:34:34,6297.78,6297.79,6.06770546,0.21884704,7322407605,11/13/2018 18:34:34,sell,0.09259000,6297.79000000
2018-11-13T18:34:34.0000000,6297.78,6297.79,6.06770546,0.21884704
2018-11-13T18:34:34.0000000,6297.78,6297.79,6.06770546,0.12911611
11/13/2018 18:34:34,6297.78,6297.79,6.06770546,0.12911611,7322407607,11/13/2018 18:34:34,sell,0.08973093,6297.79000000
2018-11-13T18:34:34.0000000,6297.78,6297.79,6.06770546,0.12911611
2018-11-13T18:34:34.0000000,6297.78,6297.79,6.07342146,0.12911611
2018-11-13T18:34:34.0000000,6297.78,6297.79,6.50342146,0.12911611
2018-11-13T18:34:36.0000000,6297.78,6297.79,6.37741789,0.12911611
11/13/2018 18:34:36,6297.78,6297.79,6.37741789,0.12911611,7322407754,11/13/2018 18:34:36,buy,0.12600357,6297.78000000
2018-11-13T18:34:36.0000000,6297.78,6297.79,6.37741789,0.12911611
2018-11-13T18:34:36.0000000,6297.78,6297.79,6.34984613,0.12911611
11/13/2018 18:34:36,6297.78,6297.79,6.34984613,0.12911611,7322407756,11/13/2018 18:34:36,buy,0.02757176,6297.78000000
2018-11-13T18:34:36.0000000,6297.78,6297.79,6.34984613,0.12911611
2018-11-13T18:34:36.0000000,6297.78,6297.79,6.35556213,0.12911611
2018-11-13T18:34:37.0000000,6297.78,6297.79,5.92556213,0.12911611
2018-11-13T18:34:37.0000000,6297.78,6297.79,3.42556213,0.12911611
2018-11-13T18:34:37.0000000,6297.78,6297.79,5.92556213,0.12911611
2018-11-13T18:34:37.0000000,6297.78,6297.79,3.42556213,0.12911611
2018-11-13T18:34:38.0000000,6297.78,6297.79,3.35313389,0.12911611
11/13/2018 18:34:38,6297.78,6297.79,3.35313389,0.12911611,7322407839,11/13/2018 18:34:38,buy,0.07242824,6297.78000000
2018-11-13T18:34:38.0000000,6297.78,6297.79,3.348136,0.12911611
11/13/2018 18:34:38,6297.78,6297.79,3.348136,0.12911611,7322407841,11/13/2018 18:34:38,buy,0.00499789,6297.78000000
2018-11-13T18:34:38.0000000,6297.78,6297.79,3.340514,0.12911611
11/13/2018 18:34:38,6297.78,6297.79,3.340514,0.12911611,7322407843,11/13/2018 18:34:38,buy,0.00762200,6297.78000000
2018-11-13T18:34:38.0000000,6297.78,6297.79,3.332892,0.12911611
11/13/2018 18:34:38,6297.78,6297.79,3.332892,0.12911611,7322407845,11/13/2018 18:34:38,buy,0.00762200,6297.78000000
2018-11-13T18:34:38.0000000,6297.78,6297.79,3.32527,0.12911611
11/13/2018 18:34:38,6297.78,6297.79,3.32527,0.12911611,7322407847,11/13/2018 18:34:38,buy,0.00762200,6297.78000000
2018-11-13T18:34:38.0000000,6297.78,6297.79,3.317648,0.12911611
11/13/2018 18:34:38,6297.78,6297.79,3.317648,0.12911611,7322407849,11/13/2018 18:34:38,buy,0.00762200,6297.78000000
2018-11-13T18:34:38.0000000,6297.78,6297.79,3.310026,0.12911611
11/13/2018 18:34:38,6297.78,6297.79,3.310026,0.12911611,7322407851,11/13/2018 18:34:38,buy,0.00762200,6297.78000000
2018-11-13T18:34:38.0000000,6297.78,6297.79,3.302404,0.12911611
11/13/2018 18:34:38,6297.78,6297.79,3.302404,0.12911611,7322407853,11/13/2018 18:34:38,buy,0.00762200,6297.78000000
2018-11-13T18:34:38.0000000,6297.78,6297.79,3.294782,0.12911611
11/13/2018 18:34:38,6297.78,6297.79,3.294782,0.12911611,7322407855,11/13/2018 18:34:38,buy,0.00762200,6297.78000000
2018-11-13T18:34:38.0000000,6297.78,6297.79,3.28716,0.12911611
11/13/2018 18:34:38,6297.78,6297.79,3.28716,0.12911611,7322407857,11/13/2018 18:34:38,buy,0.00762200,6297.78000000
2018-11-13T18:34:38.0000000,6297.78,6297.79,3.281444,0.12911611
11/13/2018 18:34:38,6297.78,6297.79,3.281444,0.12911611,7322407859,11/13/2018 18:34:38,buy,0.00571600,6297.78000000
2018-11-13T18:34:38.0000000,6297.78,6297.79,3.275728,0.12911611
11/13/2018 18:34:38,6297.78,6297.79,3.275728,0.12911611,7322407861,11/13/2018 18:34:38,buy,0.00571600,6297.78000000
2018-11-13T18:34:38.0000000,6297.78,6297.79,3.270012,0.12911611
11/13/2018 18:34:38,6297.78,6297.79,3.270012,0.12911611,7322407863,11/13/2018 18:34:38,buy,0.00571600,6297.78000000
2018-11-13T18:34:38.0000000,6297.78,6297.79,3.264296,0.12911611
11/13/2018 18:34:38,6297.78,6297.79,3.264296,0.12911611,7322407865,11/13/2018 18:34:38,buy,0.00571600,6297.78000000
2018-11-13T18:34:38.0000000,6297.78,6297.79,3.25858,0.12911611
11/13/2018 18:34:38,6297.78,6297.79,3.25858,0.12911611,7322407867,11/13/2018 18:34:38,buy,0.00571600,6297.78000000
2018-11-13T18:34:38.0000000,6297.78,6297.79,3.02858,0.12911611
11/13/2018 18:34:38,6297.78,6297.79,3.02858,0.12911611,7322407869,11/13/2018 18:34:38,buy,0.23000000,6297.78000000
2018-11-13T18:34:38.0000000,6297.78,6297.79,3.022864,0.12911611
11/13/2018 18:34:38,6297.78,6297.79,3.022864,0.12911611,7322407871,11/13/2018 18:34:38,buy,0.00571600,6297.78000000
2018-11-13T18:34:38.0000000,6297.78,6297.79,3.017148,0.12911611
11/13/2018 18:34:38,6297.78,6297.79,3.017148,0.12911611,7322407873,11/13/2018 18:34:38,buy,0.00571600,6297.78000000
2018-11-13T18:34:38.0000000,6297.78,6297.79,2.017148,0.12911611
11/13/2018 18:34:38,6297.78,6297.79,2.017148,0.12911611,7322407875,11/13/2018 18:34:38,buy,1.00000000,6297.78000000
2018-11-13T18:34:38.0000000,6297.78,6297.79,2.011432,0.12911611
11/13/2018 18:34:38,6297.78,6297.79,2.011432,0.12911611,7322407877,11/13/2018 18:34:38,buy,0.00571600,6297.78000000
2018-11-13T18:34:38.0000000,6297.78,6297.79,1.83640447,0.12911611
11/13/2018 18:34:38,6297.78,6297.79,1.83640447,0.12911611,7322407879,11/13/2018 18:34:38,buy,0.17502753,6297.78000000
2018-11-13T18:34:38.0000000,6297.78,6297.79,0.011432,0.12911611
2018-11-13T18:34:38.0000000,6297.78,6297.79,0.011432,1.12911611
2018-11-13T18:34:38.0000000,6297.78,6297.79,0.017148,1.12911611
2018-11-13T18:34:38.0000000,6297.78,6297.79,0.017148,3.62911611
2018-11-13T18:34:38.0000000,6297.78,6297.79,0.017148,3.71911611
2018-11-13T18:34:38.0000000,6297.78,6297.79,0.017148,3.71911611
2018-11-13T18:34:38.0000000,6297.78,6297.79,0.017148,7.68311611
2018-11-13T18:34:40.0000000,6297.78,6297.79,0.017148,7.66731494
11/13/2018 18:34:40,6297.78,6297.79,0.017148,7.66731494,7322408179,11/13/2018 18:34:40,sell,0.01580117,6297.79000000
2018-11-13T18:34:40.0000000,6297.78,6297.79,0.017148,7.88816787
2018-11-13T18:34:40.0000000,6297.78,6297.79,0.017148,7.88816787
2018-11-13T18:34:41.0000000,6297.78,6297.79,0.011432,7.88816787
11/13/2018 18:34:41,6297.78,6297.79,0.011432,7.88816787,7322408213,11/13/2018 18:34:41,buy,0.00571600,6297.78000000
2018-11-13T18:34:41.0000000,6297.78,6297.79,0.005716,7.88816787
11/13/2018 18:34:41,6297.78,6297.79,0.005716,7.88816787,7322408215,11/13/2018 18:34:41,buy,0.00571600,6297.78000000
2018-11-13T18:34:41.0000000,6297.78,6297.79,0,7.88816787
11/13/2018 18:34:41,6297.78,6297.79,0,7.88816787,7322408217,11/13/2018 18:34:41,buy,0.00571600,6297.78000000
11/13/2018 18:34:41,6297.78,6297.79,0,7.88816787,7322408219,11/13/2018 18:34:41,buy,0.23000000,6297.55000000
11/13/2018 18:34:41,6297.78,6297.79,0,7.88816787,7322408221,11/13/2018 18:34:41,buy,0.00100000,6296.70000000
11/13/2018 18:34:41,6297.78,6297.79,0,7.88816787,7322408223,11/13/2018 18:34:41,buy,0.00238226,6296.53000000
11/13/2018 18:34:41,6297.78,6297.79,0,7.88816787,7322408225,11/13/2018 18:34:41,buy,0.00100000,6296.52000000
11/13/2018 18:34:41,6297.78,6297.79,0,7.88816787,7322408227,11/13/2018 18:34:41,buy,0.00100000,6296.52000000
11/13/2018 18:34:41,6297.78,6297.79,0,7.88816787,7322408229,11/13/2018 18:34:41,buy,0.00100000,6296.52000000
11/13/2018 18:34:41,6297.78,6297.79,0,7.88816787,7322408231,11/13/2018 18:34:41,buy,0.00100000,6296.52000000
11/13/2018 18:34:41,6297.78,6297.79,0,7.88816787,7322408233,11/13/2018 18:34:41,buy,0.07940000,6296.40000000
11/13/2018 18:34:41,6297.78,6297.79,0,7.88816787,7322408235,11/13/2018 18:34:41,buy,0.03100000,6296.00000000
2018-11-13T18:34:41.0000000,6295.88,6297.79,0,7.88816787
2018-11-13T18:34:41.0000000,6295.88,6297.79,0,7.88816787
11/13/2018 18:34:41,6295.88,6297.79,0,7.88816787,7322408237,11/13/2018 18:34:41,buy,1.00000000,6295.88000000
11/13/2018 18:34:41,6295.88,6297.79,0,7.88816787,7322408239,11/13/2018 18:34:41,buy,0.35261974,6295.65000000
2018-11-13T18:34:41.0000000,6295.88,6297.79,0,7.66731494
2018-11-13T18:34:41.0000000,6297.78,6297.79,0,7.66731494
2018-11-13T18:34:41.0000000,6297.78,6297.79,0,7.57731494
2018-11-13T18:34:41.0000000,6297.78,6297.79,0,7.79816787
2018-11-13T18:34:41.0000000,6297.78,6297.79,0,7.88816787
2018-11-13T18:34:41.0000000,6297.78,6297.79,0.435716,7.88816787
2018-11-13T18:34:41.0000000,6297.78,6297.79,0.435716,7.79816787
2018-11-13T18:34:41.0000000,6297.78,6297.79,0.005716,7.79816787
2018-11-13T18:34:41.0000000,6297.78,6297.79,0.005716,7.79919042
2018-11-13T18:34:41.0000000,6297.78,6297.79,0.005716,7.88919042
2018-11-13T18:34:42.0000000,6297.78,6297.79,0.005716,7.98178042
2018-11-13T18:34:42.0000000,6297.78,6297.79,0.005716,7.97389496
11/13/2018 18:34:42,6297.78,6297.79,0.005716,7.97389496,7322408417,11/13/2018 18:34:42,sell,0.00788546,6297.79000000
2018-11-13T18:34:42.0000000,6297.78,6297.79,0.005716,7.97389496
2018-11-13T18:34:43.0000000,6297.78,6297.79,0.005716,8.97389496
2018-11-13T18:34:43.0000000,6297.78,6297.79,0,8.97389496
11/13/2018 18:34:43,6297.78,6297.79,0,8.97389496,7322408480,11/13/2018 18:34:43,buy,0.00571600,6297.78000000
2018-11-13T18:34:43.0000000,6296.89,6297.79,0,8.97389496
2018-11-13T18:34:43.0000000,6296.89,6297.79,0,8.97389496
11/13/2018 18:34:43,6296.89,6297.79,0,8.97389496,7322408482,11/13/2018 18:34:43,buy,0.00100000,6296.89000000
11/13/2018 18:34:43,6296.89,6297.79,0,8.97389496,7322408484,11/13/2018 18:34:43,buy,0.00952900,6296.52000000
11/13/2018 18:34:43,6296.89,6297.79,0,8.97389496,7322408486,11/13/2018 18:34:43,buy,0.00100000,6295.41000000
11/13/2018 18:34:43,6296.89,6297.79,0,8.97389496,7322408488,11/13/2018 18:34:43,buy,0.23840000,6295.16000000
11/13/2018 18:34:43,6296.89,6297.79,0,8.97389496,7322408490,11/13/2018 18:34:43,buy,0.06293565,6295.15000000
2018-11-13T18:34:43.0000000,6295.15,6297.79,0,8.97389496
2018-11-13T18:34:43.0000000,6295.15,6297.79,0,8.75304203
2018-11-13T18:34:43.0000000,6295.15,6297.79,0,8.66304203
2018-11-13T18:34:43.0000000,6295.15,6297.79,0,7.66304203
2018-11-13T18:34:43.0000000,6295.15,6297.79,0,7.88389496
2018-11-13T18:34:43.0000000,6295.15,6297.79,0,7.97389496
2018-11-13T18:34:43.0000000,6295.15,6297.79,0,7.97389496
2018-11-13T18:34:43.0000000,6295.15,6297.79,0,8.03389496
2018-11-13T18:34:45.0000000,6295.15,6297.79,0,7.97389496
2018-11-13T18:34:46.0000000,6295.15,6297.79,0,8.97389496
2018-11-13T18:34:46.0000000,6295.15,6297.79,0,9.03389496
2018-11-13T18:34:50.0000000,6295.15,6297.79,0,9.11230924
2018-11-13T18:34:53.0000000,6295.15,6297.79,0,9.10472386
11/13/2018 18:34:53,6295.15,6297.79,0,9.10472386,7322409035,11/13/2018 18:34:53,sell,0.00758538,6297.79000000
2018-11-13T18:34:53.0000000,6297.78,6297.79,0,9.10472386
2018-11-13T18:34:53.0000000,6297.78,6297.79,0.011432,9.10472386
2018-11-13T18:34:53.0000000,6297.78,6297.79,0.241432,9.10472386
2018-11-13T18:34:56.0000000,6297.78,6297.79,0.241432,9.09650649
11/13/2018 18:34:56,6297.78,6297.79,0.241432,9.09650649,7322409198,11/13/2018 18:34:56,sell,0.00821737,6297.79000000
2018-11-13T18:34:56.0000000,6297.78,6297.79,0.241432,9.09650649
2018-11-13T18:34:57.0000000,6297.78,6297.79,0.247148,9.09650649
2018-11-13T18:34:58.0000000,6297.78,6297.79,0.247148,9.08131361
11/13/2018 18:34:58,6297.78,6297.79,0.247148,9.08131361,7322409245,11/13/2018 18:34:58,sell,0.01519288,6297.79000000
2018-11-13T18:34:58.0000000,6297.78,6297.79,0.247148,9.08131361
2018-11-13T18:34:58.0000000,6297.78,6297.79,0.247148,9.07973051
11/13/2018 18:34:58,6297.78,6297.79,0.247148,9.07973051,7322409253,11/13/2018 18:34:58,sell,0.00158310,6297.79000000
2018-11-13T18:34:58.0000000,6297.78,6297.79,0.247148,9.07973051
2018-11-13T18:34:58.0000000,6297.78,6297.79,0.247148,9.01973051
2018-11-13T18:34:58.0000000,6297.78,6297.79,0.252864,9.01973051
2018-11-13T18:34:58.0000000,6297.78,6297.79,0.252864,9.07973051
2018-11-13T18:34:59.0000000,6297.78,6297.79,0.252864,9.06453763
11/13/2018 18:34:59,6297.78,6297.79,0.252864,9.06453763,7322409282,11/13/2018 18:34:59,sell,0.01519288,6297.79000000
2018-11-13T18:34:59.0000000,6297.78,6297.79,0.252864,9.06453763
2018-11-13T18:34:59.0000000,6297.78,6297.79,0.25858,9.06453763
2018-11-13T18:34:59.0000000,6297.78,6297.79,0.25858,9.06082315
11/13/2018 18:34:59,6297.78,6297.79,0.25858,9.06082315,7322409293,11/13/2018 18:34:59,sell,0.00371448,6297.79000000
2018-11-13T18:34:59.0000000,6297.78,6297.79,0.25858,9.06082315
2018-11-13T18:35:01.0000000,6297.78,6297.79,0.25858,8.97082315
2018-11-13T18:35:01.0000000,6297.78,6297.79,0.252864,8.97082315
11/13/2018 18:35:01,6297.78,6297.79,0.252864,8.97082315,7322409376,11/13/2018 18:35:01,buy,0.00571600,6297.78000000
2018-11-13T18:35:01.0000000,6297.78,6297.79,0.252864,8.97082315
2018-11-13T18:35:01.0000000,6297.78,6297.79,0.247148,8.97082315
11/13/2018 18:35:01,6297.78,6297.79,0.247148,8.97082315,7322409378,11/13/2018 18:35:01,buy,0.00571600,6297.78000000
2018-11-13T18:35:01.0000000,6297.78,6297.79,0.23832935,8.97082315
11/13/2018 18:35:01,6297.78,6297.79,0.23832935,8.97082315,7322409380,11/13/2018 18:35:01,buy,0.00881865,6297.78000000
2018-11-13T18:35:01.0000000,6297.78,6297.79,0.23832935,8.97082315
2018-11-13T18:35:01.0000000,6297.78,6297.79,0.23832935,9.06082315
2018-11-13T18:35:01.0000000,6297.78,6297.79,0.24404535,9.06082315
2018-11-13T18:35:06.0000000,6297.78,6297.79,0.23478535,9.06082315
11/13/2018 18:35:06,6297.78,6297.79,0.23478535,9.06082315,7322409631,11/13/2018 18:35:06,buy,0.00926000,6297.78000000
2018-11-13T18:35:06.0000000,6297.78,6297.79,0.23478535,9.06082315
2018-11-13T18:35:06.0000000,6297.78,6297.79,0.24050135,9.06082315
2018-11-13T18:35:06.0000000,6297.78,6297.79,0.24050135,9.00082315
2018-11-13T18:35:08.0000000,6297.78,6297.79,0.24050135,9.06082315
2018-11-13T18:35:09.0000000,6297.78,6297.79,0.24050135,9.05497572
11/13/2018 18:35:09,6297.78,6297.79,0.24050135,9.05497572,7322409783,11/13/2018 18:35:09,sell,0.00584743,6297.79000000
2018-11-13T18:35:09.0000000,6297.78,6297.79,0.24050135,9.05497572
2018-11-13T18:35:09.0000000,6297.78,6297.79,0.24621735,9.05497572
2018-11-13T18:35:09.0000000,6297.78,6297.79,0.16868272,9.05497572
11/13/2018 18:35:09,6297.78,6297.79,0.16868272,9.05497572,7322409799,11/13/2018 18:35:09,buy,0.07753463,6297.78000000
2018-11-13T18:35:09.0000000,6297.78,6297.79,0.16868272,9.05497572
2018-11-13T18:35:11.0000000,6297.78,6297.79,0.16868272,9.03978284
11/13/2018 18:35:11,6297.78,6297.79,0.16868272,9.03978284,7322409911,11/13/2018 18:35:11,sell,0.01519288,6297.79000000
2018-11-13T18:35:11.0000000,6297.78,6297.79,0.16868272,9.03978284
2018-11-13T18:35:11.0000000,6297.78,6297.79,0.17439872,9.03978284
2018-11-13T18:35:12.0000000,6297.78,6297.79,0.17439872,9.02458996
11/13/2018 18:35:12,6297.78,6297.79,0.17439872,9.02458996,7322409952,11/13/2018 18:35:12,sell,0.01519288,6297.79000000
2018-11-13T18:35:12.0000000,6297.78,6297.79,0.17439872,9.02458996
2018-11-13T18:35:12.0000000,6297.78,6297.79,0.18011472,9.02458996
2018-11-13T18:35:13.0000000,6297.78,6297.79,0.17891674,9.02458996
11/13/2018 18:35:13,6297.78,6297.79,0.17891674,9.02458996,7322409982,11/13/2018 18:35:13,buy,0.00119798,6297.78000000
2018-11-13T18:35:13.0000000,6297.78,6297.79,0.17891674,9.02458996
2018-11-13T18:35:13.0000000,6297.78,6297.79,0.18463274,9.02458996
2018-11-13T18:35:16.0000000,6297.78,6297.79,0.16852051,9.02458996
11/13/2018 18:35:16,6297.78,6297.79,0.16852051,9.02458996,7322410164,11/13/2018 18:35:16,buy,0.01611223,6297.78000000
2018-11-13T18:35:16.0000000,6297.78,6297.79,0.16852051,9.02458996
2018-11-13T18:35:16.0000000,6297.78,6297.79,0.17423651,9.02458996
2018-11-13T18:35:19.0000000,6297.78,6297.79,0.17423651,9.00687976
11/13/2018 18:35:19,6297.78,6297.79,0.17423651,9.00687976,7322410313,11/13/2018 18:35:19,sell,0.01771020,6297.79000000
2018-11-13T18:35:19.0000000,6297.78,6297.79,0.17423651,9.00687976
2018-11-13T18:35:19.0000000,6297.78,6297.79,0.17423651,8.00687976
11/13/2018 18:35:19,6297.78,6297.79,0.17423651,8.00687976,7322410315,11/13/2018 18:35:19,sell,1.00000000,6297.79000000
2018-11-13T18:35:19.0000000,6297.78,6297.79,0.17423651,8.00687976
2018-11-13T18:35:19.0000000,6297.78,6297.79,0.17423651,7.46938437
11/13/2018 18:35:19,6297.78,6297.79,0.17423651,7.46938437,7322410317,11/13/2018 18:35:19,sell,0.53749539,6297.79000000
2018-11-13T18:35:19.0000000,6297.78,6297.79,0.17423651,7.46938437
2018-11-13T18:35:19.0000000,6297.78,6297.79,0.17423651,8.46938437
2018-11-13T18:35:19.0000000,6297.78,6297.79,0.17995251,8.46938437
2018-11-13T18:35:20.0000000,6297.78,6297.79,0.14835991,8.46938437
11/13/2018 18:35:20,6297.78,6297.79,0.14835991,8.46938437,7322410398,11/13/2018 18:35:20,buy,0.03159260,6297.78000000
2018-11-13T18:35:20.0000000,6297.78,6297.79,0.14835991,8.46938437
2018-11-13T18:35:20.0000000,6297.78,6297.79,0.15407591,8.46938437
2018-11-13T18:35:24.0000000,6297.78,6297.79,0.15407591,8.68823141
2018-11-13T18:35:25.0000000,6297.78,6297.79,0.298592,8.68823141
2018-11-13T18:35:26.0000000,6297.78,6297.79,0.289332,8.68823141
11/13/2018 18:35:26,6297.78,6297.79,0.289332,8.68823141,7322410731,11/13/2018 18:35:26,buy,0.00926000,6297.78000000
2018-11-13T18:35:26.0000000,6297.78,6297.79,0.289332,8.68823141
2018-11-13T18:35:26.0000000,6297.78,6297.79,0.295048,8.68823141
2018-11-13T18:35:27.0000000,6297.78,6297.79,0.21882409,8.68823141
11/13/2018 18:35:27,6297.78,6297.79,0.21882409,8.68823141,7322410820,11/13/2018 18:35:27,buy,0.07622391,6297.78000000
2018-11-13T18:35:27.0000000,6297.78,6297.79,0.21310809,8.68823141
11/13/2018 18:35:27,6297.78,6297.79,0.21310809,8.68823141,7322410822,11/13/2018 18:35:27,buy,0.00571600,6297.78000000
2018-11-13T18:35:27.0000000,6297.78,6297.79,0.20739209,8.68823141
11/13/2018 18:35:27,6297.78,6297.79,0.20739209,8.68823141,7322410824,11/13/2018 18:35:27,buy,0.00571600,6297.78000000
2018-11-13T18:35:27.0000000,6297.78,6297.79,0.20167609,8.68823141
11/13/2018 18:35:27,6297.78,6297.79,0.20167609,8.68823141,7322410826,11/13/2018 18:35:27,buy,0.00571600,6297.78000000
2018-11-13T18:35:27.0000000,6297.78,6297.79,0.19596009,8.68823141
11/13/2018 18:35:27,6297.78,6297.79,0.19596009,8.68823141,7322410828,11/13/2018 18:35:27,buy,0.00571600,6297.78000000
2018-11-13T18:35:27.0000000,6297.78,6297.79,0.19024409,8.68823141
11/13/2018 18:35:27,6297.78,6297.79,0.19024409,8.68823141,7322410830,11/13/2018 18:35:27,buy,0.00571600,6297.78000000
2018-11-13T18:35:27.0000000,6297.78,6297.79,0.18452809,8.68823141
11/13/2018 18:35:27,6297.78,6297.79,0.18452809,8.68823141,7322410832,11/13/2018 18:35:27,buy,0.00571600,6297.78000000
2018-11-13T18:35:27.0000000,6297.78,6297.79,0.18452809,8.68823141
2018-11-13T18:35:27.0000000,6297.78,6297.79,0.17881209,8.68823141
11/13/2018 18:35:27,6297.78,6297.79,0.17881209,8.68823141,7322410834,11/13/2018 18:35:27,buy,0.00571600,6297.78000000
2018-11-13T18:35:27.0000000,6297.78,6297.79,0.17881209,8.68823141
2018-11-13T18:35:27.0000000,6297.78,6297.79,0.17309609,8.68823141
11/13/2018 18:35:27,6297.78,6297.79,0.17309609,8.68823141,7322410836,11/13/2018 18:35:27,buy,0.00571600,6297.78000000
2018-11-13T18:35:27.0000000,6297.78,6297.79,0.16738009,8.68823141
11/13/2018 18:35:27,6297.78,6297.79,0.16738009,8.68823141,7322410838,11/13/2018 18:35:27,buy,0.00571600,6297.78000000
2018-11-13T18:35:27.0000000,6297.78,6297.79,0.16166409,8.68823141
11/13/2018 18:35:27,6297.78,6297.79,0.16166409,8.68823141,7322410840,11/13/2018 18:35:27,buy,0.00571600,6297.78000000
2018-11-13T18:35:27.0000000,6297.78,6297.79,0.15594809,8.68823141
11/13/2018 18:35:27,6297.78,6297.79,0.15594809,8.68823141,7322410842,11/13/2018 18:35:27,buy,0.00571600,6297.78000000
2018-11-13T18:35:27.0000000,6297.78,6297.79,0.15023209,8.68823141
11/13/2018 18:35:27,6297.78,6297.79,0.15023209,8.68823141,7322410844,11/13/2018 18:35:27,buy,0.00571600,6297.78000000
2018-11-13T18:35:27.0000000,6297.78,6297.79,0.01074429,8.68823141
11/13/2018 18:35:27,6297.78,6297.79,0.01074429,8.68823141,7322410846,11/13/2018 18:35:27,buy,0.13948780,6297.78000000
2018-11-13T18:35:27.0000000,6297.78,6297.79,0.01074429,8.68823141
2018-11-13T18:35:27.0000000,6297.78,6297.79,0.005716,8.68823141
2018-11-13T18:35:28.0000000,6297.78,6297.79,0.011432,8.68823141
2018-11-13T18:35:28.0000000,6297.78,6297.79,0.011432,8.68680787
11/13/2018 18:35:28,6297.78,6297.79,0.011432,8.68680787,7322410862,11/13/2018 18:35:28,sell,0.00142354,6297.79000000
2018-11-13T18:35:28.0000000,6297.78,6297.79,0.011432,8.68680787
2018-11-13T18:35:28.0000000,6297.78,6297.79,0.011432,8.43680787
11/13/2018 18:35:28,6297.78,6297.79,0.011432,8.43680787,7322410865,11/13/2018 18:35:28,sell,0.25000000,6297.79000000
2018-11-13T18:35:28.0000000,6297.78,6297.79,0.011432,8.43680787
2018-11-13T18:35:28.0000000,6297.78,6297.79,0.011432,8.44770787
2018-11-13T18:35:28.0000000,6297.78,6297.79,0.017148,8.44770787
2018-11-13T18:35:29.0000000,6297.78,6297.79,0.017148,8.44091247
11/13/2018 18:35:29,6297.78,6297.79,0.017148,8.44091247,7322410924,11/13/2018 18:35:29,sell,0.00679540,6297.79000000
2018-11-13T18:35:29.0000000,6297.78,6297.79,0.017148,8.44091247
2018-11-13T18:35:29.0000000,6297.78,6297.79,0.022864,8.44091247
2018-11-13T18:35:30.0000000,6297.78,6297.79,0.022864,8.39533224
11/13/2018 18:35:30,6297.78,6297.79,0.022864,8.39533224,7322410978,11/13/2018 18:35:30,sell,0.04558023,6297.79000000
2018-11-13T18:35:30.0000000,6297.78,6297.79,0.022864,8.39533224
2018-11-13T18:35:31.0000000,6297.78,6297.79,0.02858,8.39533224
2018-11-13T18:35:31.0000000,6297.78,6297.79,0.02858,8.39240774
11/13/2018 18:35:31,6297.78,6297.79,0.02858,8.39240774,7322411010,11/13/2018 18:35:31,sell,0.00292450,6297.79000000
2018-11-13T18:35:31.0000000,6297.78,6297.79,0.02858,8.39240774
2018-11-13T18:35:31.0000000,6297.78,6297.79,0.034296,8.39240774
2018-11-13T18:35:32.0000000,6297.78,6297.79,0.034296,10.39240774
2018-11-13T18:35:32.0000000,6297.78,6297.79,0.034296,24.39240774
2018-11-13T18:35:40.0000000,6297.78,6297.79,0.02858,24.39240774
11/13/2018 18:35:40,6297.78,6297.79,0.02858,24.39240774,7322411644,11/13/2018 18:35:40,buy,0.00571600,6297.78000000
2018-11-13T18:35:40.0000000,6297.78,6297.79,0.02858,24.39240774
2018-11-13T18:35:40.0000000,6297.78,6297.79,0.022864,24.39240774
11/13/2018 18:35:40,6297.78,6297.79,0.022864,24.39240774,7322411646,11/13/2018 18:35:40,buy,0.00571600,6297.78000000
2018-11-13T18:35:40.0000000,6297.78,6297.79,0.017148,24.39240774
11/13/2018 18:35:40,6297.78,6297.79,0.017148,24.39240774,7322411648,11/13/2018 18:35:40,buy,0.00571600,6297.78000000
2018-11-13T18:35:40.0000000,6297.78,6297.79,0.011432,24.39240774
11/13/2018 18:35:40,6297.78,6297.79,0.011432,24.39240774,7322411650,11/13/2018 18:35:40,buy,0.00571600,6297.78000000
2018-11-13T18:35:40.0000000,6297.78,6297.79,0.005716,24.39240774
11/13/2018 18:35:40,6297.78,6297.79,0.005716,24.39240774,7322411652,11/13/2018 18:35:40,buy,0.00571600,6297.78000000
2018-11-13T18:35:40.0000000,6297.78,6297.79,0.00269836,24.39240774
11/13/2018 18:35:40,6297.78,6297.79,0.00269836,24.39240774,7322411654,11/13/2018 18:35:40,buy,0.00301764,6297.78000000
2018-11-13T18:35:40.0000000,6297.78,6297.79,0.00269836,24.39240774
2018-11-13T18:35:41.0000000,6297.78,6297.79,0.00841436,24.39240774
2018-11-13T18:35:41.0000000,6297.78,6297.79,0.00841436,24.3791898
11/13/2018 18:35:41,6297.78,6297.79,0.00841436,24.3791898,7322411739,11/13/2018 18:35:41,sell,0.01321794,6297.79000000
2018-11-13T18:35:41.0000000,6297.78,6297.79,0.00841436,24.3791898
2018-11-13T18:35:42.0000000,6297.78,6297.79,0.01413036,24.3791898
2018-11-13T18:35:42.0000000,6297.78,6297.79,0.011432,24.3791898
11/13/2018 18:35:42,6297.78,6297.79,0.011432,24.3791898,7322411783,11/13/2018 18:35:42,buy,0.00269836,6297.78000000
2018-11-13T18:35:42.0000000,6297.78,6297.79,0.011432,24.3791898
2018-11-13T18:35:42.0000000,6297.78,6297.79,0.01143036,24.3791898
11/13/2018 18:35:42,6297.78,6297.79,0.01143036,24.3791898,7322411785,11/13/2018 18:35:42,buy,0.00000164,6297.78000000
2018-11-13T18:35:42.0000000,6297.78,6297.79,0.01143036,24.3791898
2018-11-13T18:35:42.0000000,6297.78,6297.79,0.005716,24.3791898
11/13/2018 18:35:42,6297.78,6297.79,0.005716,24.3791898,7322411793,11/13/2018 18:35:42,buy,0.00571436,6297.78000000
2018-11-13T18:35:42.0000000,6297.78,6297.79,0.00487036,24.3791898
11/13/2018 18:35:42,6297.78,6297.79,0.00487036,24.3791898,7322411795,11/13/2018 18:35:42,buy,0.00084564,6297.78000000
2018-11-13T18:35:42.0000000,6297.78,6297.79,0.00487036,24.3791898
2018-11-13T18:35:42.0000000,6297.78,6297.79,0.01058636,24.3791898
2018-11-13T18:35:43.0000000,6297.78,6297.79,0.01058636,24.33404406
11/13/2018 18:35:43,6297.78,6297.79,0.01058636,24.33404406,7322411911,11/13/2018 18:35:43,sell,0.04514574,6297.79000000
2018-11-13T18:35:43.0000000,6297.78,6297.79,0.01058636,24.33404406
2018-11-13T18:35:44.0000000,6297.78,6297.79,0.01630236,24.33404406
2018-11-13T18:35:44.0000000,6297.78,6297.79,0.01630236,24.33111956
11/13/2018 18:35:44,6297.78,6297.79,0.01630236,24.33111956,7322411934,11/13/2018 18:35:44,sell,0.00292450,6297.79000000
2018-11-13T18:35:44.0000000,6297.78,6297.79,0.01630236,24.33111956
2018-11-13T18:35:44.0000000,6297.78,6297.79,0.02201836,24.33111956
2018-11-13T18:35:55.0000000,6297.78,6297.79,0.02201836,24.32337618
11/13/2018 18:35:55,6297.78,6297.79,0.02201836,24.32337618,7322412470,11/13/2018 18:35:55,sell,0.00774338,6297.79000000
2018-11-13T18:35:55.0000000,6297.78,6297.79,0.02201836,24.32337618
2018-11-13T18:35:55.0000000,6297.78,6297.79,0.02773436,24.32337618
2018-11-13T18:35:56.0000000,6297.78,6297.79,0.02773436,24.2449619
2018-11-13T18:35:57.0000000,6297.78,6297.79,0.02773436,24.20469981
11/13/2018 18:35:57,6297.78,6297.79,0.02773436,24.20469981,7322412589,11/13/2018 18:35:57,sell,0.04026209,6297.79000000
2018-11-13T18:35:57.0000000,6297.78,6297.79,0.02773436,24.20469981
2018-11-13T18:35:57.0000000,6297.78,6297.79,0.03345036,24.20469981
2018-11-13T18:35:59.0000000,6297.78,6297.79,0.26345036,24.20469981
2018-11-13T18:35:59.0000000,6297.78,6297.79,0.26345036,24.06795912
11/13/2018 18:35:59,6297.78,6297.79,0.26345036,24.06795912,7322412727,11/13/2018 18:35:59,sell,0.13674069,6297.79000000
2018-11-13T18:35:59.0000000,6297.78,6297.79,0.26345036,24.06795912
2018-11-13T18:35:59.0000000,6297.78,6297.79,0.26916636,24.06795912
2018-11-13T18:36:00.0000000,6297.78,6297.79,0.26916636,24.17094904
2018-11-13T18:36:01.0000000,6297.78,6297.79,0.26916636,24.15575616
11/13/2018 18:36:01,6297.78,6297.79,0.26916636,24.15575616,7322412815,11/13/2018 18:36:01,sell,0.01519288,6297.79000000
2018-11-13T18:36:01.0000000,6297.78,6297.79,0.26916636,24.15575616
2018-11-13T18:36:01.0000000,6297.78,6297.79,0.27488236,24.15575616
2018-11-13T18:36:06.0000000,6297.78,6297.79,0.270012,24.15575616
11/13/2018 18:36:06,6297.78,6297.79,0.270012,24.15575616,7322413004,11/13/2018 18:36:06,buy,0.00487036,6297.78000000
2018-11-13T18:36:06.0000000,6297.78,6297.79,0.270012,24.15575616
2018-11-13T18:36:06.0000000,6297.78,6297.79,0.26562236,24.15575616
11/13/2018 18:36:06,6297.78,6297.79,0.26562236,24.15575616,7322413006,11/13/2018 18:36:06,buy,0.00438964,6297.78000000
2018-11-13T18:36:06.0000000,6297.78,6297.79,0.26562236,24.15575616
2018-11-13T18:36:06.0000000,6297.78,6297.79,0.27133836,24.15575616
2018-11-13T18:36:07.0000000,6297.78,6297.79,0.27133836,24.13683141
11/13/2018 18:36:07,6297.78,6297.79,0.27133836,24.13683141,7322413097,11/13/2018 18:36:07,sell,0.01892475,6297.79000000
2018-11-13T18:36:07.0000000,6297.78,6297.79,0.27133836,24.13683141
2018-11-13T18:36:08.0000000,6297.78,6297.79,0.27705436,24.13683141
2018-11-13T18:36:08.0000000,6297.78,6297.79,0.27705436,24.13469689
11/13/2018 18:36:08,6297.78,6297.79,0.27705436,24.13469689,7322413129,11/13/2018 18:36:08,sell,0.00213452,6297.79000000
2018-11-13T18:36:08.0000000,6297.78,6297.79,0.27705436,24.13469689
2018-11-13T18:36:08.0000000,6297.78,6297.79,0.28277036,24.13469689
2018-11-13T18:36:09.0000000,6297.78,6297.79,0.28277036,24.21311117
2018-11-13T18:36:09.0000000,6297.78,6297.79,0.28277036,24.20916127
11/13/2018 18:36:09,6297.78,6297.79,0.28277036,24.20916127,7322413211,11/13/2018 18:36:09,sell,0.00394990,6297.79000000
2018-11-13T18:36:09.0000000,6297.78,6297.79,0.28277036,24.20916127
2018-11-13T18:36:09.0000000,6297.78,6297.79,0.28848636,24.20916127
2018-11-13T18:36:15.0000000,6297.78,6297.79,0.28848636,24.20315585
11/13/2018 18:36:15,6297.78,6297.79,0.28848636,24.20315585,7322413504,11/13/2018 18:36:15,sell,0.00600542,6297.79000000
2018-11-13T18:36:15.0000000,6297.78,6297.79,0.28848636,24.20315585
2018-11-13T18:36:15.0000000,6297.78,6297.79,0.29420236,24.20315585
2018-11-13T18:36:15.0000000,6297.78,6297.79,0.29420236,23.96415585
11/13/2018 18:36:15,6297.78,6297.79,0.29420236,23.96415585,7322413540,11/13/2018 18:36:15,sell,0.23900000,6297.79000000
2018-11-13T18:36:15.0000000,6297.78,6297.79,0.29420236,23.96415585
2018-11-13T18:36:19.0000000,6297.78,6297.79,0.29420236,23.90034447
11/13/2018 18:36:19,6297.78,6297.79,0.29420236,23.90034447,7322413733,11/13/2018 18:36:19,sell,0.06381138,6297.79000000
2018-11-13T18:36:19.0000000,6297.78,6297.79,0.29420236,23.90034447
2018-11-13T18:36:19.0000000,6297.78,6297.79,0.29991836,23.90034447
2018-11-13T18:36:19.0000000,6297.78,6297.79,0.29991836,23.88393502
11/13/2018 18:36:19,6297.78,6297.79,0.29991836,23.88393502,7322413763,11/13/2018 18:36:19,sell,0.01640945,6297.79000000
2018-11-13T18:36:19.0000000,6297.78,6297.79,0.29991836,23.88393502
2018-11-13T18:36:26.0000000,6297.78,6297.79,0.298592,23.88393502
11/13/2018 18:36:26,6297.78,6297.79,0.298592,23.88393502,7322414356,11/13/2018 18:36:26,buy,0.00132636,6297.78000000
2018-11-13T18:36:26.0000000,6297.78,6297.79,0.298592,23.88393502
2018-11-13T18:36:26.0000000,6297.78,6297.79,0.292876,23.88393502
11/13/2018 18:36:26,6297.78,6297.79,0.292876,23.88393502,7322414358,11/13/2018 18:36:26,buy,0.00571600,6297.78000000
2018-11-13T18:36:26.0000000,6297.78,6297.79,0.29065836,23.88393502
11/13/2018 18:36:26,6297.78,6297.79,0.29065836,23.88393502,7322414360,11/13/2018 18:36:26,buy,0.00221764,6297.78000000
2018-11-13T18:36:26.0000000,6297.78,6297.79,0.29065836,23.88393502
2018-11-13T18:36:26.0000000,6297.78,6297.79,0.29637436,23.88393502
2018-11-13T18:36:27.0000000,6297.78,6297.79,0.29637436,23.83110594
11/13/2018 18:36:27,6297.78,6297.79,0.29637436,23.83110594,7322414403,11/13/2018 18:36:27,sell,0.05282908,6297.79000000
2018-11-13T18:36:27.0000000,6297.78,6297.79,0.29637436,23.83110594
2018-11-13T18:36:27.0000000,6297.78,6297.79,0.30209036,23.83110594
2018-11-13T18:36:28.0000000,6297.78,6297.79,0.30209036,23.8296824
11/13/2018 18:36:28,6297.78,6297.79,0.30209036,23.8296824,7322414536,11/13/2018 18:36:28,sell,0.00142354,6297.79000000
2018-11-13T18:36:28.0000000,6297.78,6297.79,0.30209036,23.8296824
2018-11-13T18:36:33.0000000,6297.78,6297.79,0.30209036,23.82367698
11/13/2018 18:36:33,6297.78,6297.79,0.30209036,23.82367698,7322414986,11/13/2018 18:36:33,sell,0.00600542,6297.79000000
2018-11-13T18:36:33.0000000,6297.78,6297.79,0.30209036,23.82367698
2018-11-13T18:36:33.0000000,6297.78,6297.79,0.30780636,23.82367698
2018-11-13T18:36:35.0000000,6297.78,6297.79,0.30780636,23.70820727
11/13/2018 18:36:35,6297.78,6297.79,0.30780636,23.70820727,7322415151,11/13/2018 18:36:35,sell,0.11546971,6297.79000000
2018-11-13T18:36:35.0000000,6297.78,6297.79,0.30780636,23.70820727
2018-11-13T18:36:35.0000000,6297.78,6297.79,0.31352236,23.70820727
2018-11-13T18:36:39.0000000,6297.78,6297.79,0.310024,23.70820727
11/13/2018 18:36:39,6297.78,6297.79,0.310024,23.70820727,7322415401,11/13/2018 18:36:39,buy,0.00349836,6297.78000000
2018-11-13T18:36:39.0000000,6297.78,6297.79,0.310024,23.70820727
2018-11-13T18:36:39.0000000,6297.78,6297.79,0.304308,23.70820727
11/13/2018 18:36:39,6297.78,6297.79,0.304308,23.70820727,7322415403,11/13/2018 18:36:39,buy,0.00571600,6297.78000000
2018-11-13T18:36:39.0000000,6297.78,6297.79,0.298592,23.70820727
11/13/2018 18:36:39,6297.78,6297.79,0.298592,23.70820727,7322415405,11/13/2018 18:36:39,buy,0.00571600,6297.78000000
2018-11-13T18:36:39.0000000,6297.78,6297.79,0.28894642,23.70820727
11/13/2018 18:36:39,6297.78,6297.79,0.28894642,23.70820727,7322415407,11/13/2018 18:36:39,buy,0.00964558,6297.78000000
2018-11-13T18:36:39.0000000,6297.78,6297.79,0.28894642,23.70820727
2018-11-13T18:36:39.0000000,6297.78,6297.79,0.29466242,23.70820727
2018-11-13T18:36:42.0000000,6297.78,6297.79,0.28540242,23.70820727
11/13/2018 18:36:42,6297.78,6297.79,0.28540242,23.70820727,7322415668,11/13/2018 18:36:42,buy,0.00926000,6297.78000000
2018-11-13T18:36:42.0000000,6297.78,6297.79,0.28540242,23.70820727
2018-11-13T18:36:42.0000000,6297.78,6297.79,0.29111842,23.70820727
2018-11-13T18:36:43.0000000,6297.78,6297.79,0.29111842,23.6534976
11/13/2018 18:36:43,6297.78,6297.79,0.29111842,23.6534976,7322415730,11/13/2018 18:36:43,sell,0.05470967,6297.79000000
2018-11-13T18:36:43.0000000,6297.78,6297.79,0.29111842,23.6534976
2018-11-13T18:36:43.0000000,6297.78,6297.79,0.29683442,23.6534976
2018-11-13T18:36:47.0000000,6297.78,6297.79,0.29683442,23.59122668
11/13/2018 18:36:47,6297.78,6297.79,0.29683442,23.59122668,7322415945,11/13/2018 18:36:47,sell,0.06227092,6297.79000000
2018-11-13T18:36:47.0000000,6297.78,6297.79,0.29683442,23.59122668
2018-11-13T18:36:48.0000000,6297.78,6297.79,0.30255042,23.59122668
2018-11-13T18:36:48.0000000,6297.78,6297.79,0.321456,23.59122668
2018-11-13T18:36:48.0000000,6297.78,6297.79,0.321456,23.5836413
11/13/2018 18:36:48,6297.78,6297.79,0.321456,23.5836413,7322415988,11/13/2018 18:36:48,sell,0.00758538,6297.79000000
2018-11-13T18:36:48.0000000,6297.78,6297.79,0.321456,23.5836413
2018-11-13T18:36:48.0000000,6297.78,6297.79,0.327172,23.5836413
2018-11-13T18:36:48.0000000,6297.78,6297.79,0.327172,23.57947179
11/13/2018 18:36:48,6297.78,6297.79,0.327172,23.57947179,7322416006,11/13/2018 18:36:48,sell,0.00416951,6297.79000000
2018-11-13T18:36:48.0000000,6297.78,6297.79,0.327172,23.57947179
2018-11-13T18:36:49.0000000,6297.78,6297.79,0.28224138,23.57947179
11/13/2018 18:36:49,6297.78,6297.79,0.28224138,23.57947179,7322416070,11/13/2018 18:36:49,buy,0.04493062,6297.78000000
2018-11-13T18:36:49.0000000,6297.78,6297.79,0.28224138,23.57947179
2018-11-13T18:36:49.0000000,6297.78,6297.79,0.28795738,23.57947179
2018-11-13T18:36:55.0000000,6297.78,6297.79,0.332888,23.57947179
2018-11-13T18:36:57.0000000,6297.78,6297.79,0.332888,23.47648187
2018-11-13T18:36:59.0000000,6297.78,6297.79,0.327172,23.47648187
2018-11-13T18:36:59.0000000,6297.78,6297.79,0.327172,23.46189569
11/13/2018 18:36:59,6297.78,6297.79,0.327172,23.46189569,7322416735,11/13/2018 18:36:59,sell,0.01458618,6297.79000000
2018-11-13T18:36:59.0000000,6297.78,6297.79,0.327172,23.46189569
2018-11-13T18:36:59.0000000,6297.78,6297.79,0.332888,23.46189569
2018-11-13T18:36:59.0000000,6297.78,6297.79,0.332888,23.37189569
2018-11-13T18:37:00.0000000,6297.78,6297.79,0.332888,23.46189569
2018-11-13T18:37:00.0000000,6297.78,6297.79,0.332888,23.37189569
2018-11-13T18:37:01.0000000,6297.78,6297.79,0.327172,23.37189569
2018-11-13T18:37:01.0000000,6297.78,6297.79,0.327172,23.33250574
11/13/2018 18:37:01,6297.78,6297.79,0.327172,23.33250574,7322416907,11/13/2018 18:37:01,sell,0.03938995,6297.79000000
2018-11-13T18:37:01.0000000,6297.78,6297.79,0.327172,23.33250574
2018-11-13T18:37:01.0000000,6297.78,6297.79,0.327172,23.11165281
2018-11-13T18:37:01.0000000,6297.78,6297.79,0.332888,23.11165281
2018-11-13T18:37:01.0000000,6297.78,6297.79,0.332888,23.20165281
2018-11-13T18:37:01.0000000,6297.78,6297.79,0.323628,23.20165281
11/13/2018 18:37:01,6297.78,6297.79,0.323628,23.20165281,7322416947,11/13/2018 18:37:01,buy,0.00926000,6297.78000000
2018-11-13T18:37:01.0000000,6297.78,6297.79,0.323628,23.20165281
2018-11-13T18:37:02.0000000,6297.78,6297.79,0.329344,23.20165281
2018-11-13T18:37:04.0000000,6297.78,6297.79,0.329344,23.11165281
2018-11-13T18:37:04.0000000,6297.78,6297.79,0.329344,23.20165281
2018-11-13T18:37:05.0000000,6297.78,6297.79,0.329344,23.11165281
2018-11-13T18:37:05.0000000,6297.78,6297.79,0.329344,23.20165281
2018-11-13T18:37:05.0000000,6297.78,6297.79,0.329344,22.51577387
11/13/2018 18:37:05,6297.78,6297.79,0.329344,22.51577387,7322417182,11/13/2018 18:37:05,sell,0.68587894,6297.79000000
2018-11-13T18:37:05.0000000,6297.78,6297.79,0.329344,22.51577387
2018-11-13T18:37:05.0000000,6297.78,6297.79,0.329344,21.80649281
11/13/2018 18:37:05,6297.78,6297.79,0.329344,21.80649281,7322417184,11/13/2018 18:37:05,sell,0.70928106,6297.79000000
2018-11-13T18:37:05.0000000,6297.78,6297.79,0.329344,21.80649281
2018-11-13T18:37:05.0000000,6297.78,6297.79,0.329344,24.30649281
2018-11-13T18:37:05.0000000,6297.78,6297.79,0.329344,24.21649281
2018-11-13T18:37:06.0000000,6297.78,6297.79,0.33506,24.21649281
2018-11-13T18:37:06.0000000,6297.78,6297.79,0.329344,24.21649281
2018-11-13T18:37:06.0000000,6297.78,6297.79,0.329344,24.30649281
2018-11-13T18:37:07.0000000,6297.78,6297.79,0.329344,24.21649281
2018-11-13T18:37:08.0000000,6297.78,6297.79,0.323628,24.21649281
2018-11-13T18:37:08.0000000,6297.78,6297.79,0.317912,24.21649281
2018-11-13T18:37:09.0000000,6297.78,6297.79,0.312196,24.21649281
2018-11-13T18:37:10.0000000,6297.78,6297.79,0.312196,24.19750171
11/13/2018 18:37:10,6297.78,6297.79,0.312196,24.19750171,7322417476,11/13/2018 18:37:10,sell,0.01899110,6297.79000000
2018-11-13T18:37:10.0000000,6297.78,6297.79,0.312196,24.19750171
2018-11-13T18:37:10.0000000,6297.78,6297.79,0.317912,24.19750171
2018-11-13T18:37:12.0000000,6297.78,6297.79,0.317912,24.28750171
2018-11-13T18:37:14.0000000,6297.78,6297.79,0.317912,25.18910171
2018-11-13T18:37:15.0000000,6297.78,6297.79,0.312196,25.18910171
2018-11-13T18:37:15.0000000,6297.78,6297.79,0.29061094,25.18910171
11/13/2018 18:37:15,6297.78,6297.79,0.29061094,25.18910171,7322417767,11/13/2018 18:37:15,buy,0.02158506,6297.78000000
2018-11-13T18:37:15.0000000,6297.78,6297.79,0.29061094,25.18910171
2018-11-13T18:37:16.0000000,6297.78,6297.79,0.29632694,25.18910171
2018-11-13T18:37:18.0000000,6297.78,6297.79,0.29632694,25.15187788
11/13/2018 18:37:18,6297.78,6297.79,0.29632694,25.15187788,7322417950,11/13/2018 18:37:18,sell,0.03722383,6297.79000000
2018-11-13T18:37:18.0000000,6297.78,6297.79,0.29632694,25.15187788
2018-11-13T18:37:19.0000000,6297.78,6297.79,0.29061094,25.15187788
2018-11-13T18:37:19.0000000,6297.78,6297.79,0.29061094,24.25027788
2018-11-13T18:37:19.0000000,6297.78,6297.79,0.83969436,24.25027788
2018-11-13T18:37:19.0000000,6297.78,6297.79,0.83969436,25.15187788
2018-11-13T18:37:21.0000000,6297.78,6297.79,0.87053942,25.15187788
2018-11-13T18:37:22.0000000,6297.78,6297.79,0.87053942,24.25027788
2018-11-13T18:37:23.0000000,6297.78,6297.79,0.87053942,24.17294364
11/13/2018 18:37:23,6297.78,6297.79,0.87053942,24.17294364,7322418244,11/13/2018 18:37:23,sell,0.07733424,6297.79000000
2018-11-13T18:37:23.0000000,6297.78,6297.79,0.87053942,24.17294364
2018-11-13T18:37:23.0000000,6297.78,6297.79,0.87625542,24.17294364
2018-11-13T18:37:23.0000000,6297.78,6297.79,0.87625542,25.07454364
2018-11-13T18:37:25.0000000,6297.78,6297.79,0.87625542,24.17294364
2018-11-13T18:37:26.0000000,6297.78,6297.79,0.87625542,25.07734364
2018-11-13T18:37:26.0000000,6297.78,6297.79,0.87053942,25.07734364
2018-11-13T18:37:26.0000000,6297.78,6297.79,0.87053942,24.17294364
2018-11-13T18:37:26.0000000,6297.78,6297.79,0.87053942,25.07734364
2018-11-13T18:37:26.0000000,6297.78,6297.79,0.86127942,25.07734364
11/13/2018 18:37:26,6297.78,6297.79,0.86127942,25.07734364,7322418445,11/13/2018 18:37:26,buy,0.00926000,6297.78000000
2018-11-13T18:37:26.0000000,6297.78,6297.79,0.86127942,25.07734364
2018-11-13T18:37:26.0000000,6297.78,6297.79,0.86699542,25.07734364
2018-11-13T18:37:27.0000000,6297.78,6297.79,0.86127942,25.07734364
2018-11-13T18:37:27.0000000,6297.78,6297.79,0.86127942,24.17294364
2018-11-13T18:37:27.0000000,6297.78,6297.79,0.86127942,25.07734364
2018-11-13T18:37:29.0000000,6297.78,6297.79,0.86027942,25.07734364
11/13/2018 18:37:29,6297.78,6297.79,0.86027942,25.07734364,7322418574,11/13/2018 18:37:29,buy,0.00100000,6297.78000000
2018-11-13T18:37:29.0000000,6297.78,6297.79,0.86027942,25.07734364
2018-11-13T18:37:29.0000000,6297.78,6297.79,0.86599542,25.07734364
2018-11-13T18:37:29.0000000,6297.78,6297.79,0.86999542,25.07734364
2018-11-13T18:37:30.0000000,6297.78,6297.79,0.86999542,25.06754632
11/13/2018 18:37:30,6297.78,6297.79,0.86999542,25.06754632,7322418628,11/13/2018 18:37:30,sell,0.00979732,6297.79000000
2018-11-13T18:37:30.0000000,6297.78,6297.79,0.86999542,25.06754632
2018-11-13T18:37:30.0000000,6297.78,6297.79,0.87571142,25.06754632
2018-11-13T18:37:33.0000000,6297.78,6297.79,0.86999542,25.06754632
2018-11-13T18:37:33.0000000,6297.78,6297.79,0.86999542,25.06462182
11/13/2018 18:37:33,6297.78,6297.79,0.86999542,25.06462182,7322418753,11/13/2018 18:37:33,sell,0.00292450,6297.79000000
2018-11-13T18:37:33.0000000,6297.78,6297.79,0.86999542,25.06462182
2018-11-13T18:37:33.0000000,6297.78,6297.79,0.87571142,25.06462182
2018-11-13T18:37:34.0000000,6297.78,6297.79,0.88597142,25.06462182
2018-11-13T18:37:35.0000000,6297.78,6297.79,0.88025542,25.06462182
2018-11-13T18:37:39.0000000,6297.78,6297.79,0.87453942,25.06462182
2018-11-13T18:37:41.0000000,6297.78,6297.79,0.77727295,25.06462182
11/13/2018 18:37:41,6297.78,6297.79,0.77727295,25.06462182,7322419133,11/13/2018 18:37:41,buy,0.09726647,6297.78000000
2018-11-13T18:37:41.0000000,6297.78,6297.79,0.77727295,25.06462182
2018-11-13T18:37:41.0000000,6297.78,6297.79,0.78298895,25.06462182
2018-11-13T18:37:42.0000000,6297.78,6297.79,0.77727295,25.06462182
2018-11-13T18:37:42.0000000,6297.78,6297.79,0.76801295,25.06462182
11/13/2018 18:37:42,6297.78,6297.79,0.76801295,25.06462182,7322419191,11/13/2018 18:37:42,buy,0.00926000,6297.78000000
2018-11-13T18:37:42.0000000,6297.78,6297.79,0.76801295,25.06462182
2018-11-13T18:37:42.0000000,6297.78,6297.79,0.77372895,25.06462182
2018-11-13T18:37:42.0000000,6297.78,6297.79,0.77372895,24.84577478
2018-11-13T18:37:43.0000000,6297.78,6297.79,0.76801295,24.84577478
2018-11-13T18:37:46.0000000,6297.78,6297.79,0.759555,24.84577478
11/13/2018 18:37:46,6297.78,6297.79,0.759555,24.84577478,7322419336,11/13/2018 18:37:46,buy,0.00845795,6297.78000000
2018-11-13T18:37:46.0000000,6297.78,6297.79,0.759555,24.84577478
2018-11-13T18:37:46.0000000,6297.78,6297.79,0.765271,24.84577478
2018-11-13T18:37:48.0000000,6297.78,6297.79,0.759555,24.84577478
2018-11-13T18:37:48.0000000,6297.78,6297.79,0.753839,24.84577478
2018-11-13T18:37:48.0000000,6297.78,6297.79,0.753839,24.82570772
11/13/2018 18:37:48,6297.78,6297.79,0.753839,24.82570772,7322419486,11/13/2018 18:37:48,sell,0.02006706,6297.79000000
2018-11-13T18:37:48.0000000,6297.78,6297.79,0.753839,24.82570772
2018-11-13T18:37:48.0000000,6297.78,6297.79,0.759555,24.82570772
2018-11-13T18:37:49.0000000,6297.78,6297.79,0.753839,24.82570772
2018-11-13T18:37:49.0000000,6297.78,6297.79,0.74376468,24.82570772
11/13/2018 18:37:49,6297.78,6297.79,0.74376468,24.82570772,7322419521,11/13/2018 18:37:49,buy,0.01007432,6297.78000000
2018-11-13T18:37:49.0000000,6297.78,6297.79,0.74376468,24.82570772
2018-11-13T18:37:49.0000000,6297.78,6297.79,0.7248591,24.82570772
11/13/2018 18:37:49,6297.78,6297.79,0.7248591,24.82570772,7322419523,11/13/2018 18:37:49,buy,0.01890558,6297.78000000
2018-11-13T18:37:49.0000000,6297.78,6297.79,0.67992848,24.82570772
11/13/2018 18:37:49,6297.78,6297.79,0.67992848,24.82570772,7322419525,11/13/2018 18:37:49,buy,0.04493062,6297.78000000
2018-11-13T18:37:49.0000000,6297.78,6297.79,0.67421248,24.82570772
11/13/2018 18:37:49,6297.78,6297.79,0.67421248,24.82570772,7322419527,11/13/2018 18:37:49,buy,0.00571600,6297.78000000
2018-11-13T18:37:49.0000000,6297.78,6297.79,0.66849648,24.82570772
11/13/2018 18:37:49,6297.78,6297.79,0.66849648,24.82570772,7322419529,11/13/2018 18:37:49,buy,0.00571600,6297.78000000
2018-11-13T18:37:49.0000000,6297.78,6297.79,0.66849648,24.82570772
2018-11-13T18:37:49.0000000,6297.78,6297.79,0.66278048,24.82570772
11/13/2018 18:37:49,6297.78,6297.79,0.66278048,24.82570772,7322419531,11/13/2018 18:37:49,buy,0.00571600,6297.78000000
2018-11-13T18:37:49.0000000,6297.78,6297.79,0.65706448,24.82570772
11/13/2018 18:37:49,6297.78,6297.79,0.65706448,24.82570772,7322419533,11/13/2018 18:37:49,buy,0.00571600,6297.78000000
2018-11-13T18:37:49.0000000,6297.78,6297.79,0.65134848,24.82570772
11/13/2018 18:37:49,6297.78,6297.79,0.65134848,24.82570772,7322419535,11/13/2018 18:37:49,buy,0.00571600,6297.78000000
2018-11-13T18:37:49.0000000,6297.78,6297.79,0.64563248,24.82570772
11/13/2018 18:37:49,6297.78,6297.79,0.64563248,24.82570772,7322419537,11/13/2018 18:37:49,buy,0.00571600,6297.78000000
2018-11-13T18:37:49.0000000,6297.78,6297.79,0.09654906,24.82570772
11/13/2018 18:37:49,6297.78,6297.79,0.09654906,24.82570772,7322419539,11/13/2018 18:37:49,buy,0.54908342,6297.78000000
2018-11-13T18:37:49.0000000,6297.78,6297.79,0.065704,24.82570772
11/13/2018 18:37:49,6297.78,6297.79,0.065704,24.82570772,7322419541,11/13/2018 18:37:49,buy,0.03084506,6297.78000000
2018-11-13T18:37:49.0000000,6297.78,6297.79,0.059988,24.82570772
11/13/2018 18:37:49,6297.78,6297.79,0.059988,24.82570772,7322419543,11/13/2018 18:37:49,buy,0.00571600,6297.78000000
2018-11-13T18:37:49.0000000,6297.78,6297.79,0.054272,24.82570772
11/13/2018 18:37:49,6297.78,6297.79,0.054272,24.82570772,7322419545,11/13/2018 18:37:49,buy,0.00571600,6297.78000000
2018-11-13T18:37:49.0000000,6297.78,6297.79,0.048556,24.82570772
11/13/2018 18:37:49,6297.78,6297.79,0.048556,24.82570772,7322419547,11/13/2018 18:37:49,buy,0.00571600,6297.78000000
2018-11-13T18:37:49.0000000,6297.78,6297.79,0.044556,24.82570772
11/13/2018 18:37:49,6297.78,6297.79,0.044556,24.82570772,7322419549,11/13/2018 18:37:49,buy,0.00400000,6297.78000000
2018-11-13T18:37:49.0000000,6297.78,6297.79,0.03884,24.82570772
11/13/2018 18:37:49,6297.78,6297.79,0.03884,24.82570772,7322419551,11/13/2018 18:37:49,buy,0.00571600,6297.78000000
2018-11-13T18:37:49.0000000,6297.78,6297.79,0.03884,24.82570772
2018-11-13T18:37:49.0000000,6297.78,6297.79,0.033124,24.82570772
11/13/2018 18:37:49,6297.78,6297.79,0.033124,24.82570772,7322419553,11/13/2018 18:37:49,buy,0.00571600,6297.78000000
2018-11-13T18:37:49.0000000,6297.78,6297.79,0.022864,24.82570772
11/13/2018 18:37:49,6297.78,6297.79,0.022864,24.82570772,7322419555,11/13/2018 18:37:49,buy,0.01026000,6297.78000000
2018-11-13T18:37:49.0000000,6297.78,6297.79,0.017148,24.82570772
11/13/2018 18:37:49,6297.78,6297.79,0.017148,24.82570772,7322419557,11/13/2018 18:37:49,buy,0.00571600,6297.78000000
2018-11-13T18:37:49.0000000,6297.78,6297.79,0.011432,24.82570772
11/13/2018 18:37:49,6297.78,6297.79,0.011432,24.82570772,7322419559,11/13/2018 18:37:49,buy,0.00571600,6297.78000000
2018-11-13T18:37:49.0000000,6297.78,6297.79,0.005716,24.82570772
11/13/2018 18:37:49,6297.78,6297.79,0.005716,24.82570772,7322419561,11/13/2018 18:37:49,buy,0.00571600,6297.78000000
2018-11-13T18:37:49.0000000,6297.78,6297.79,0,24.82570772
11/13/2018 18:37:49,6297.78,6297.79,0,24.82570772,7322419563,11/13/2018 18:37:49,buy,0.00571600,6297.78000000
11/13/2018 18:37:49,6297.78,6297.79,0,24.82570772,7322419565,11/13/2018 18:37:49,buy,0.23000000,6297.55000000
11/13/2018 18:37:49,6297.78,6297.79,0,24.82570772,7322419567,11/13/2018 18:37:49,buy,0.26824000,6297.50000000
2018-11-13T18:37:49.0000000,6297.5,6297.51,0,24.82570772
2018-11-13T18:37:49.0000000,6297.5,6297.51,0,3.79085293
2018-11-13T18:37:49.0000000,6297.5,6297.51,0,4.79085293
2018-11-13T18:37:49.0000000,6297.5,6297.51,0,5.68985293
2018-11-13T18:37:49.0000000,6297.5,6297.51,0,6.10912147
2018-11-13T18:37:49.0000000,6297.5,6297.51,0,6.19912147
2018-11-13T18:37:49.0000000,6297.5,6297.51,0,10.16012147
2018-11-13T18:37:49.0000000,6297.5,6297.51,0,12.66012147
2018-11-13T18:37:50.0000000,6297.5,6297.51,0,12.66151632
2018-11-13T18:37:51.0000000,6297.5,6297.51,0,12.72151632
2018-11-13T18:37:51.0000000,6297.5,6297.51,0,12.70632344
11/13/2018 18:37:51,6297.5,6297.51,0,12.70632344,7322419808,11/13/2018 18:37:51,sell,0.01519288,6297.51000000
2018-11-13T18:37:51.0000000,6297.5,6297.51,0,12.70632344
2018-11-13T18:37:52.0000000,6297.5,6297.51,0.13496246,12.70632344
2018-11-13T18:37:54.0000000,6297.5,6297.51,0.36496246,12.70632344
2018-11-13T18:38:00.0000000,6297.5,6297.51,0.36496246,12.61632344
2018-11-13T18:38:00.0000000,6297.5,6297.51,0.36496246,11.71732344
2018-11-13T18:38:00.0000000,6297.5,6297.51,0.80496246,11.71732344
2018-11-13T18:38:00.0000000,6297.5,6297.51,0.36496246,11.71732344
2018-11-13T18:38:01.0000000,6297.5,6297.51,0.36496246,11.80732344
2018-11-13T18:38:02.0000000,6297.5,6297.51,0.35790509,11.80732344
11/13/2018 18:38:02,6297.5,6297.51,0.35790509,11.80732344,7322420344,11/13/2018 18:38:02,buy,0.00705737,6297.50000000
2018-11-13T18:38:02.0000000,6297.5,6297.51,0.35790509,11.80732344
2018-11-13T18:38:02.0000000,6297.5,6297.51,0.36362209,11.80732344
2018-11-13T18:38:05.0000000,6297.5,6297.51,0.36362209,11.7890899
11/13/2018 18:38:05,6297.5,6297.51,0.36362209,11.7890899,7322420518,11/13/2018 18:38:05,sell,0.01823354,6297.51000000
2018-11-13T18:38:05.0000000,6297.5,6297.51,0.36362209,11.7890899
2018-11-13T18:38:05.0000000,6297.5,6297.51,0.36933909,11.7890899
2018-11-13T18:38:05.0000000,6297.5,6297.51,0.35337998,11.7890899
11/13/2018 18:38:05,6297.5,6297.51,0.35337998,11.7890899,7322420535,11/13/2018 18:38:05,buy,0.01595911,6297.50000000
2018-11-13T18:38:05.0000000,6297.5,6297.51,0.35337998,11.7890899
2018-11-13T18:38:06.0000000,6297.5,6297.51,0.34411998,11.7890899
11/13/2018 18:38:06,6297.5,6297.51,0.34411998,11.7890899,7322420558,11/13/2018 18:38:06,buy,0.00926000,6297.50000000
2018-11-13T18:38:06.0000000,6297.5,6297.51,0.34411998,11.7890899
2018-11-13T18:38:06.0000000,6297.5,6297.51,0.34983698,11.7890899
2018-11-13T18:38:06.0000000,6297.5,6297.51,0.34983698,11.8816799
2018-11-13T18:38:07.0000000,6297.5,6297.51,0.34077061,11.8816799
11/13/2018 18:38:07,6297.5,6297.51,0.34077061,11.8816799,7322420646,11/13/2018 18:38:07,buy,0.00906637,6297.50000000
2018-11-13T18:38:07.0000000,6297.5,6297.51,0.34077061,11.8816799
2018-11-13T18:38:07.0000000,6297.5,6297.51,0.34648761,11.8816799
2018-11-13T18:38:08.0000000,6297.5,6297.51,0.34648761,11.87409418
11/13/2018 18:38:08,6297.5,6297.51,0.34648761,11.87409418,7322420691,11/13/2018 18:38:08,sell,0.00758572,6297.51000000
2018-11-13T18:38:08.0000000,6297.5,6297.51,0.34648761,11.87409418
2018-11-13T18:38:08.0000000,6297.5,6297.51,0.35220461,11.87409418
2018-11-13T18:38:11.0000000,6297.5,6297.51,0.35220461,10.89364442
11/13/2018 18:38:11,6297.5,6297.51,0.35220461,10.89364442,7322420807,11/13/2018 18:38:11,sell,0.98044976,6297.51000000
2018-11-13T18:38:11.0000000,6297.5,6297.51,0.35220461,10.89364442
2018-11-13T18:38:11.0000000,6297.5,6297.51,0.35792161,10.89364442
2018-11-13T18:38:12.0000000,6297.5,6297.51,0.35792161,10.88842874
11/13/2018 18:38:12,6297.5,6297.51,0.35792161,10.88842874,7322420909,11/13/2018 18:38:12,sell,0.00521568,6297.51000000
2018-11-13T18:38:12.0000000,6297.5,6297.51,0.35792161,10.88842874
2018-11-13T18:38:12.0000000,6297.5,6297.51,0.36363861,10.88842874
2018-11-13T18:38:14.0000000,6297.5,6297.51,0.36363861,10.88732114
11/13/2018 18:38:14,6297.5,6297.51,0.36363861,10.88732114,7322421010,11/13/2018 18:38:14,sell,0.00110760,6297.51000000
2018-11-13T18:38:14.0000000,6297.5,6297.51,0.36363861,10.88732114
2018-11-13T18:38:14.0000000,6297.5,6297.51,0.36935561,10.88732114
2018-11-13T18:38:14.0000000,6297.5,6297.51,0.3619112,10.88732114
11/13/2018 18:38:14,6297.5,6297.51,0.3619112,10.88732114,7322421033,11/13/2018 18:38:14,buy,0.00744441,6297.50000000
2018-11-13T18:38:14.0000000,6297.5,6297.51,0.3619112,10.88732114
2018-11-13T18:38:18.0000000,6297.5,6297.51,0.3619112,10.8341421
11/13/2018 18:38:18,6297.5,6297.51,0.3619112,10.8341421,7322421235,11/13/2018 18:38:18,sell,0.05317904,6297.51000000
2018-11-13T18:38:18.0000000,6297.5,6297.51,0.3619112,10.8341421
2018-11-13T18:38:18.0000000,6297.5,6297.51,0.3676282,10.8341421
2018-11-13T18:38:18.0000000,6297.5,6297.51,0.3676282,10.79919502
11/13/2018 18:38:18,6297.5,6297.51,0.3676282,10.79919502,7322421258,11/13/2018 18:38:18,sell,0.03494708,6297.51000000
2018-11-13T18:38:18.0000000,6297.5,6297.51,0.3676282,10.79919502
2018-11-13T18:38:22.0000000,6297.5,6297.51,0.3676282,10.79532237
11/13/2018 18:38:22,6297.5,6297.51,0.3676282,10.79532237,7322421448,11/13/2018 18:38:22,sell,0.00387265,6297.51000000
2018-11-13T18:38:22.0000000,6297.5,6297.51,0.3676282,10.79532237
2018-11-13T18:38:22.0000000,6297.5,6297.51,0.3733452,10.79532237
2018-11-13T18:38:23.0000000,6297.5,6297.51,0.3640852,10.79532237
11/13/2018 18:38:23,6297.5,6297.51,0.3640852,10.79532237,7322421485,11/13/2018 18:38:23,buy,0.00926000,6297.50000000
2018-11-13T18:38:23.0000000,6297.5,6297.51,0.3640852,10.79532237
2018-11-13T18:38:23.0000000,6297.5,6297.51,0.3698022,10.79532237
2018-11-13T18:38:26.0000000,6297.5,6297.51,0.3698022,10.09474855
11/13/2018 18:38:26,6297.5,6297.51,0.3698022,10.09474855,7322421642,11/13/2018 18:38:26,sell,0.70057382,6297.51000000
2018-11-13T18:38:26.0000000,6297.5,6297.51,0.3698022,10.09474855
2018-11-13T18:38:26.0000000,6297.5,6297.51,0.3755192,10.09474855
2018-11-13T18:38:29.0000000,6297.5,6297.51,0.3755192,10.07073053
11/13/2018 18:38:29,6297.5,6297.51,0.3755192,10.07073053,7322421798,11/13/2018 18:38:29,sell,0.02401802,6297.51000000
2018-11-13T18:38:29.0000000,6297.5,6297.51,0.3755192,10.07073053
2018-11-13T18:38:29.0000000,6297.5,6297.51,0.3812362,10.07073053
2018-11-13T18:38:29.0000000,6297.5,6297.51,0.3812362,9.07073053
2018-11-13T18:38:29.0000000,6297.5,6297.51,1.3812362,9.07073053
2018-11-13T18:38:30.0000000,6297.5,6297.51,0.3812362,9.07073053
2018-11-13T18:38:30.0000000,6297.5,6297.51,0.3812362,10.07073053
2018-11-13T18:38:31.0000000,6297.5,6297.51,0.3812362,9.07073053
2018-11-13T18:38:31.0000000,6297.5,6297.51,1.3812362,9.07073053
2018-11-13T18:38:31.0000000,6297.5,6297.51,0.3812362,9.07073053
2018-11-13T18:38:31.0000000,6297.5,6297.51,0.3812362,10.07073053
2018-11-13T18:38:31.0000000,6297.5,6297.51,0.3812362,9.07073053
2018-11-13T18:38:31.0000000,6297.5,6297.51,1.3812362,9.07073053
2018-11-13T18:38:31.0000000,6297.5,6297.51,0.3812362,9.07073053
2018-11-13T18:38:31.0000000,6297.5,6297.51,0.3812362,10.07073053
2018-11-13T18:38:31.0000000,6297.5,6297.51,0.310038,10.07073053
11/13/2018 18:38:31,6297.5,6297.51,0.310038,10.07073053,7322421999,11/13/2018 18:38:31,buy,0.07119820,6297.50000000
2018-11-13T18:38:31.0000000,6297.5,6297.51,0.310038,10.07073053
2018-11-13T18:38:31.0000000,6297.5,6297.51,0.304321,10.07073053
11/13/2018 18:38:31,6297.5,6297.51,0.304321,10.07073053,7322422001,11/13/2018 18:38:31,buy,0.00571700,6297.50000000
2018-11-13T18:38:31.0000000,6297.5,6297.51,0.16388503,10.07073053
11/13/2018 18:38:31,6297.5,6297.51,0.16388503,10.07073053,7322422003,11/13/2018 18:38:31,buy,0.14043597,6297.50000000
2018-11-13T18:38:31.0000000,6297.5,6297.51,0.16388503,10.07073053
2018-11-13T18:38:32.0000000,6297.5,6297.51,0.16960203,10.07073053
2018-11-13T18:38:34.0000000,6297.5,6297.51,0.080038,10.07073053
11/13/2018 18:38:34,6297.5,6297.51,0.080038,10.07073053,7322422132,11/13/2018 18:38:34,buy,0.08956403,6297.50000000
2018-11-13T18:38:34.0000000,6297.5,6297.51,0.080038,10.07073053
2018-11-13T18:38:34.0000000,6297.5,6297.51,0.074321,10.07073053
11/13/2018 18:38:34,6297.5,6297.51,0.074321,10.07073053,7322422134,11/13/2018 18:38:34,buy,0.00571700,6297.50000000
2018-11-13T18:38:34.0000000,6297.5,6297.51,0.068604,10.07073053
11/13/2018 18:38:34,6297.5,6297.51,0.068604,10.07073053,7322422136,11/13/2018 18:38:34,buy,0.00571700,6297.50000000
2018-11-13T18:38:34.0000000,6297.5,6297.51,0.062887,10.07073053
11/13/2018 18:38:34,6297.5,6297.51,0.062887,10.07073053,7322422138,11/13/2018 18:38:34,buy,0.00571700,6297.50000000
2018-11-13T18:38:34.0000000,6297.5,6297.51,0.05717,10.07073053
11/13/2018 18:38:34,6297.5,6297.51,0.05717,10.07073053,7322422140,11/13/2018 18:38:34,buy,0.00571700,6297.50000000
2018-11-13T18:38:34.0000000,6297.5,6297.51,0.051453,10.07073053
11/13/2018 18:38:34,6297.5,6297.51,0.051453,10.07073053,7322422142,11/13/2018 18:38:34,buy,0.00571700,6297.50000000
2018-11-13T18:38:34.0000000,6297.5,6297.51,0.051453,10.07073053
2018-11-13T18:38:34.0000000,6297.5,6297.51,0.045736,10.07073053
11/13/2018 18:38:34,6297.5,6297.51,0.045736,10.07073053,7322422144,11/13/2018 18:38:34,buy,0.00571700,6297.50000000
2018-11-13T18:38:34.0000000,6297.5,6297.51,0.040019,10.07073053
11/13/2018 18:38:34,6297.5,6297.51,0.040019,10.07073053,7322422146,11/13/2018 18:38:34,buy,0.00571700,6297.50000000
2018-11-13T18:38:34.0000000,6297.5,6297.51,0.034302,10.07073053
11/13/2018 18:38:34,6297.5,6297.51,0.034302,10.07073053,7322422148,11/13/2018 18:38:34,buy,0.00571700,6297.50000000
2018-11-13T18:38:34.0000000,6297.5,6297.51,0.034302,10.07073053
2018-11-13T18:38:34.0000000,6297.5,6297.51,0.028585,10.07073053
11/13/2018 18:38:34,6297.5,6297.51,0.028585,10.07073053,7322422150,11/13/2018 18:38:34,buy,0.00571700,6297.50000000
2018-11-13T18:38:34.0000000,6297.5,6297.51,0.022868,10.07073053
11/13/2018 18:38:34,6297.5,6297.51,0.022868,10.07073053,7322422152,11/13/2018 18:38:34,buy,0.00571700,6297.50000000
2018-11-13T18:38:34.0000000,6297.5,6297.51,0.017151,10.07073053
11/13/2018 18:38:34,6297.5,6297.51,0.017151,10.07073053,7322422154,11/13/2018 18:38:34,buy,0.00571700,6297.50000000
2018-11-13T18:38:34.0000000,6297.5,6297.51,0.011434,10.07073053
11/13/2018 18:38:34,6297.5,6297.51,0.011434,10.07073053,7322422156,11/13/2018 18:38:34,buy,0.00571700,6297.50000000
2018-11-13T18:38:34.0000000,6297.5,6297.51,0.01064927,10.07073053
11/13/2018 18:38:34,6297.5,6297.51,0.01064927,10.07073053,7322422158,11/13/2018 18:38:34,buy,0.00078473,6297.50000000
2018-11-13T18:38:34.0000000,6297.5,6297.51,0.01064927,10.07073053
2018-11-13T18:38:34.0000000,6297.5,6297.51,0.01636627,10.07073053
2018-11-13T18:38:35.0000000,6297.5,6297.51,0.01636627,10.06859591
11/13/2018 18:38:35,6297.5,6297.51,0.01636627,10.06859591,7322422262,11/13/2018 18:38:35,sell,0.00213462,6297.51000000
2018-11-13T18:38:35.0000000,6297.5,6297.51,0.01636627,10.06859591
2018-11-13T18:38:36.0000000,6297.5,6297.51,0.02208327,10.06859591
2018-11-13T18:38:39.0000000,6297.5,6297.51,0.25208327,10.06859591
2018-11-13T18:38:39.0000000,6297.5,6297.51,0.25208327,9.88034177
11/13/2018 18:38:39,6297.5,6297.51,0.25208327,9.88034177,7322422518,11/13/2018 18:38:39,sell,0.18825414,6297.51000000
2018-11-13T18:38:39.0000000,6297.5,6297.51,0.25208327,9.88034177
2018-11-13T18:38:40.0000000,6297.5,6297.51,0.25780027,9.88034177
2018-11-13T18:38:40.0000000,6297.5,6297.51,0.25780027,9.87725913
11/13/2018 18:38:40,6297.5,6297.51,0.25780027,9.87725913,7322422540,11/13/2018 18:38:40,sell,0.00308264,6297.51000000
2018-11-13T18:38:40.0000000,6297.5,6297.51,0.25780027,9.87725913
2018-11-13T18:38:40.0000000,6297.5,6297.51,0.26351727,9.87725913
2018-11-13T18:38:42.0000000,6297.5,6297.51,0.258585,9.87725913
11/13/2018 18:38:42,6297.5,6297.51,0.258585,9.87725913,7322422667,11/13/2018 18:38:42,buy,0.00493227,6297.50000000
2018-11-13T18:38:42.0000000,6297.5,6297.51,0.258585,9.87725913
2018-11-13T18:38:42.0000000,6297.5,6297.51,0.25425727,9.87725913
11/13/2018 18:38:42,6297.5,6297.51,0.25425727,9.87725913,7322422669,11/13/2018 18:38:42,buy,0.00432773,6297.50000000
2018-11-13T18:38:42.0000000,6297.5,6297.51,0.25425727,9.87725913
2018-11-13T18:38:42.0000000,6297.5,6297.51,0.25997427,9.87725913
2018-11-13T18:38:43.0000000,6297.5,6297.51,0.25997427,8.87725913
2018-11-13T18:38:43.0000000,6297.5,6297.51,1.25997427,8.87725913
2018-11-13T18:38:43.0000000,6297.5,6297.51,0.25997427,8.87725913
2018-11-13T18:38:43.0000000,6297.5,6297.51,0.25997427,9.87725913
2018-11-13T18:38:45.0000000,6297.5,6297.51,0.25997427,9.78725913
2018-11-13T18:38:46.0000000,6297.5,6297.51,0.67997427,9.78725913
2018-11-13T18:38:49.0000000,6297.5,6297.51,0.67997427,9.72344492
11/13/2018 18:38:49,6297.5,6297.51,0.67997427,9.72344492,7322422996,11/13/2018 18:38:49,sell,0.06381421,6297.51000000
2018-11-13T18:38:49.0000000,6297.5,6297.51,0.67997427,9.72344492
2018-11-13T18:38:49.0000000,6297.5,6297.51,0.68569127,9.72344492
2018-11-13T18:38:49.0000000,6297.5,6297.51,0.68569127,9.54111589
11/13/2018 18:38:49,6297.5,6297.51,0.68569127,9.54111589,7322423068,11/13/2018 18:38:49,sell,0.18232903,6297.51000000
2018-11-13T18:38:49.0000000,6297.5,6297.51,0.68569127,9.54111589
2018-11-13T18:38:51.0000000,6297.5,6297.51,0.26569127,9.54111589
2018-11-13T18:38:52.0000000,6297.5,6297.51,0.26569127,9.51604557
11/13/2018 18:38:52,6297.5,6297.51,0.26569127,9.51604557,7322423193,11/13/2018 18:38:52,sell,0.02507032,6297.51000000
2018-11-13T18:38:52.0000000,6297.5,6297.51,0.26569127,9.51604557
2018-11-13T18:38:52.0000000,6297.5,6297.51,0.27140827,9.51604557
2018-11-13T18:38:53.0000000,6297.5,6297.51,0.27140827,9.60604557
2018-11-13T18:38:53.0000000,6297.5,6297.51,0.270019,9.60604557
11/13/2018 18:38:53,6297.5,6297.51,0.270019,9.60604557,7322423316,11/13/2018 18:38:53,buy,0.00138927,6297.50000000
2018-11-13T18:38:53.0000000,6297.5,6297.51,0.270019,9.60604557
2018-11-13T18:38:53.0000000,6297.5,6297.51,0.264302,9.60604557
11/13/2018 18:38:53,6297.5,6297.51,0.264302,9.60604557,7322423318,11/13/2018 18:38:53,buy,0.00571700,6297.50000000
2018-11-13T18:38:53.0000000,6297.5,6297.51,0.258585,9.60604557
11/13/2018 18:38:53,6297.5,6297.51,0.258585,9.60604557,7322423320,11/13/2018 18:38:53,buy,0.00571700,6297.50000000
2018-11-13T18:38:53.0000000,6297.5,6297.51,0.03747866,9.60604557
11/13/2018 18:38:53,6297.5,6297.51,0.03747866,9.60604557,7322423322,11/13/2018 18:38:53,buy,0.22110634,6297.50000000
2018-11-13T18:38:53.0000000,6297.5,6297.51,0.03747866,9.60604557
2018-11-13T18:38:53.0000000,6297.5,6297.51,0.04319566,9.60604557
2018-11-13T18:38:57.0000000,6297.5,6297.51,0.04319566,9.68544557
2018-11-13T18:38:58.0000000,6297.5,6297.51,0.264302,9.68544557
2018-11-13T18:38:59.0000000,6297.5,6297.51,0.264302,9.67943988
11/13/2018 18:38:59,6297.5,6297.51,0.264302,9.67943988,7322423733,11/13/2018 18:38:59,sell,0.00600569,6297.51000000
2018-11-13T18:38:59.0000000,6297.5,6297.51,0.264302,9.67943988
2018-11-13T18:38:59.0000000,6297.5,6297.51,0.270019,9.67943988
2018-11-13T18:38:59.0000000,6297.5,6297.51,0.26112534,9.67943988
11/13/2018 18:38:59,6297.5,6297.51,0.26112534,9.67943988,7322423760,11/13/2018 18:38:59,buy,0.00889366,6297.50000000
2018-11-13T18:38:59.0000000,6297.5,6297.51,0.26112534,9.67943988
2018-11-13T18:38:59.0000000,6297.5,6297.51,0.25540834,9.67943988
11/13/2018 18:38:59,6297.5,6297.51,0.25540834,9.67943988,7322423762,11/13/2018 18:38:59,buy,0.00571700,6297.50000000
2018-11-13T18:38:59.0000000,6297.5,6297.51,0.24969134,9.67943988
11/13/2018 18:38:59,6297.5,6297.51,0.24969134,9.67943988,7322423764,11/13/2018 18:38:59,buy,0.00571700,6297.50000000
2018-11-13T18:38:59.0000000,6297.5,6297.51,0.24969134,9.67943988
2018-11-13T18:38:59.0000000,6297.5,6297.51,0.24397434,9.67943988
11/13/2018 18:38:59,6297.5,6297.51,0.24397434,9.67943988,7322423766,11/13/2018 18:38:59,buy,0.00571700,6297.50000000
2018-11-13T18:38:59.0000000,6297.5,6297.51,0.23921951,9.67943988
11/13/2018 18:38:59,6297.5,6297.51,0.23921951,9.67943988,7322423768,11/13/2018 18:38:59,buy,0.00475483,6297.50000000
2018-11-13T18:38:59.0000000,6297.5,6297.51,0.23921951,9.67943988
2018-11-13T18:38:59.0000000,6297.5,6297.51,0.23921951,9.42450632
11/13/2018 18:38:59,6297.5,6297.51,0.23921951,9.42450632,7322423825,11/13/2018 18:38:59,sell,0.25493356,6297.51000000
2018-11-13T18:38:59.0000000,6297.5,6297.51,0.23921951,9.42450632
2018-11-13T18:38:59.0000000,6297.5,6297.51,0.23921951,9.20365339
11/13/2018 18:38:59,6297.5,6297.51,0.23921951,9.20365339,7322423827,11/13/2018 18:38:59,sell,0.22085293,6297.51000000
2018-11-13T18:38:59.0000000,6297.5,6297.51,0.23921951,8.90102435
11/13/2018 18:38:59,6297.5,6297.51,0.23921951,8.90102435,7322423829,11/13/2018 18:38:59,sell,0.30262904,6297.51000000
2018-11-13T18:38:59.0000000,6297.5,6297.51,0.23921951,8.90102435
2018-11-13T18:39:04.0000000,6297.5,6297.51,0.23825734,8.90102435
11/13/2018 18:39:04,6297.5,6297.51,0.23825734,8.90102435,7322424271,11/13/2018 18:39:04,buy,0.00096217,6297.50000000
2018-11-13T18:39:04.0000000,6297.5,6297.51,0.23825734,8.90102435
2018-11-13T18:39:04.0000000,6297.5,6297.51,0.23254034,8.90102435
11/13/2018 18:39:04,6297.5,6297.51,0.23254034,8.90102435,7322424273,11/13/2018 18:39:04,buy,0.00571700,6297.50000000
2018-11-13T18:39:04.0000000,6297.5,6297.51,0.22682334,8.90102435
11/13/2018 18:39:04,6297.5,6297.51,0.22682334,8.90102435,7322424275,11/13/2018 18:39:04,buy,0.00571700,6297.50000000
2018-11-13T18:39:04.0000000,6297.5,6297.51,0.0955875,8.90102435
11/13/2018 18:39:04,6297.5,6297.51,0.0955875,8.90102435,7322424277,11/13/2018 18:39:04,buy,0.13123584,6297.50000000
2018-11-13T18:39:04.0000000,6297.5,6297.51,0.0955875,8.90102435
2018-11-13T18:39:05.0000000,6297.5,6297.51,0.1013045,8.90102435
2018-11-13T18:39:05.0000000,6297.5,6297.51,0.1013045,8.89343863
11/13/2018 18:39:05,6297.5,6297.51,0.1013045,8.89343863,7322424330,11/13/2018 18:39:05,sell,0.00758572,6297.51000000
2018-11-13T18:39:05.0000000,6297.5,6297.51,0.1013045,8.89343863
2018-11-13T18:39:05.0000000,6297.5,6297.51,0.1013045,9.81553863
2018-11-13T18:39:05.0000000,6297.5,6297.51,0.1070215,9.81553863
2018-11-13T18:39:06.0000000,6297.5,6297.51,0.0977615,9.81553863
11/13/2018 18:39:06,6297.5,6297.51,0.0977615,9.81553863,7322424520,11/13/2018 18:39:06,buy,0.00926000,6297.50000000
2018-11-13T18:39:06.0000000,6297.5,6297.51,0.0977615,9.81553863
2018-11-13T18:39:06.0000000,6297.5,6297.51,0.1034785,9.81553863
2018-11-13T18:39:09.0000000,6297.5,6297.51,0.1034785,11.81553863
2018-11-13T18:39:09.0000000,6297.5,6297.51,0.1034785,12.81553863
2018-11-13T18:39:10.0000000,6297.5,6297.51,0.1034785,11.81553863
2018-11-13T18:39:11.0000000,6297.5,6297.51,0.1034785,12.81553863
2018-11-13T18:39:11.0000000,6297.5,6297.51,0.1034785,11.81553863
2018-11-13T18:39:12.0000000,6297.5,6297.51,0.252868,11.81553863
2018-11-13T18:39:14.0000000,6297.5,6297.51,0.252868,11.80243229
11/13/2018 18:39:14,6297.5,6297.51,0.252868,11.80243229,7322425110,11/13/2018 18:39:14,sell,0.01310634,6297.51000000
2018-11-13T18:39:14.0000000,6297.5,6297.51,0.252868,11.80243229
2018-11-13T18:39:14.0000000,6297.5,6297.51,0.258585,11.80243229
2018-11-13T18:39:15.0000000,6297.5,6297.51,0.258585,11.79096427
11/13/2018 18:39:15,6297.5,6297.51,0.258585,11.79096427,7322425135,11/13/2018 18:39:15,sell,0.01146802,6297.51000000
2018-11-13T18:39:15.0000000,6297.5,6297.51,0.258585,11.79096427
2018-11-13T18:39:15.0000000,6297.5,6297.51,0.264302,11.79096427
2018-11-13T18:39:15.0000000,6297.5,6297.51,0.1836915,11.79096427
11/13/2018 18:39:15,6297.5,6297.51,0.1836915,11.79096427,7322425161,11/13/2018 18:39:15,buy,0.08061050,6297.50000000
2018-11-13T18:39:15.0000000,6297.5,6297.51,0.1836915,11.79096427
2018-11-13T18:39:15.0000000,6297.5,6297.51,0.1779745,11.79096427
11/13/2018 18:39:15,6297.5,6297.51,0.1779745,11.79096427,7322425163,11/13/2018 18:39:15,buy,0.00571700,6297.50000000
2018-11-13T18:39:15.0000000,6297.5,6297.51,0.1722575,11.79096427
11/13/2018 18:39:15,6297.5,6297.51,0.1722575,11.79096427,7322425165,11/13/2018 18:39:15,buy,0.00571700,6297.50000000
2018-11-13T18:39:15.0000000,6297.5,6297.51,0.1665405,11.79096427
11/13/2018 18:39:15,6297.5,6297.51,0.1665405,11.79096427,7322425167,11/13/2018 18:39:15,buy,0.00571700,6297.50000000
2018-11-13T18:39:15.0000000,6297.5,6297.51,0.1608235,11.79096427
11/13/2018 18:39:15,6297.5,6297.51,0.1608235,11.79096427,7322425169,11/13/2018 18:39:15,buy,0.00571700,6297.50000000
2018-11-13T18:39:15.0000000,6297.5,6297.51,0.1608235,11.79096427
2018-11-13T18:39:15.0000000,6297.5,6297.51,0.011434,11.79096427
11/13/2018 18:39:15,6297.5,6297.51,0.011434,11.79096427,7322425171,11/13/2018 18:39:15,buy,0.14938950,6297.50000000
2018-11-13T18:39:15.0000000,6297.5,6297.51,0.005717,11.79096427
11/13/2018 18:39:15,6297.5,6297.51,0.005717,11.79096427,7322425173,11/13/2018 18:39:15,buy,0.00571700,6297.50000000
2018-11-13T18:39:15.0000000,6297.5,6297.51,0,11.79096427
11/13/2018 18:39:15,6297.5,6297.51,0,11.79096427,7322425175,11/13/2018 18:39:15,buy,0.00571700,6297.50000000
2018-11-13T18:39:15.0000000,6297.41,6297.51,0,11.79096427
2018-11-13T18:39:15.0000000,6297.41,6297.51,0,11.79096427
11/13/2018 18:39:15,6297.41,6297.51,0,11.79096427,7322425177,11/13/2018 18:39:15,buy,0.00690283,6297.41000000
11/13/2018 18:39:15,6297.41,6297.51,0,11.79096427,7322425179,11/13/2018 18:39:15,buy,0.00018517,6296.44000000
2018-11-13T18:39:15.0000000,6296.44,6297.51,0,11.79096427
2018-11-13T18:39:15.0000000,6296.44,6297.51,0,11.37169573
2018-11-13T18:39:15.0000000,6296.44,6297.51,0,11.28169573
2018-11-13T18:39:15.0000000,6296.44,6297.51,0,10.61648485
2018-11-13T18:39:15.0000000,6296.44,6297.51,0,8.61648485
2018-11-13T18:39:16.0000000,6296.44,6297.51,0,7.69438485
2018-11-13T18:39:16.0000000,6296.44,6297.51,0,3.73338485
2018-11-13T18:39:16.0000000,6296.44,6297.51,0,3.73199
2018-11-13T18:39:16.0000000,6296.44,6297.51,0,3.67199
2018-11-13T18:39:19.0000000,6296.44,6297.51,1.00081483,3.67199
2018-11-13T18:39:21.0000000,6296.44,6297.51,1.23081483,3.67199
11/13/2018 18:39:21,6296.44,6297.51,1.23081483,3.67199,7322425769,11/13/2018 18:39:21,sell,0.01979307,6296.45000000
2018-11-13T18:39:21.0000000,6296.44,6296.45,1.23081483,3.67199
2018-11-13T18:39:21.0000000,6296.44,6296.45,1.23843783,3.67199
2018-11-13T18:39:22.0000000,6296.44,6296.45,1.23843783,12.27103991
