topBid,topAsk,sequence,time,side,size,price
6266.4,6266.41,7259019864,10/31/2018 04:03:30,buy,0.00231000,6266.40000000
6266.4,6266.41,7259020180,10/31/2018 04:03:38,sell,0.00373308,6266.41000000
6266.4,6266.41,7259020184,10/31/2018 04:03:38,sell,0.15645607,6266.41000000
6266.4,6266.41,7259020192,10/31/2018 04:03:39,sell,0.09161696,6266.41000000
6266.4,6266.41,7259020247,10/31/2018 04:03:41,sell,0.78555384,6266.41000000
6266.4,6266.41,7259020789,10/31/2018 04:03:51,buy,0.00231000,6266.40000000
6266.4,6266.41,7259020981,10/31/2018 04:03:57,sell,0.04693746,6266.41000000
6266.4,6266.41,7259021037,10/31/2018 04:03:58,sell,0.00158787,6266.41000000
6266.4,6266.41,7259021042,10/31/2018 04:03:58,buy,0.00637736,6266.40000000
6266.4,6266.41,7259021044,10/31/2018 04:03:58,buy,0.22282264,6266.40000000
6266.4,6266.41,7259021178,10/31/2018 04:04:01,sell,0.00151007,6266.41000000
6266.4,6266.41,7259021255,10/31/2018 04:04:02,sell,0.01587871,6266.41000000
6266.4,6266.41,7259021370,10/31/2018 04:04:05,sell,0.01115162,6266.41000000
6266.4,6266.41,7259021407,10/31/2018 04:04:06,sell,0.09161696,6266.41000000
6266.4,6266.41,7259021439,10/31/2018 04:04:07,sell,0.05726020,6266.41000000
6266.4,6266.41,7259021540,10/31/2018 04:04:11,buy,0.00231000,6266.40000000
6266.4,6266.41,7259021573,10/31/2018 04:04:12,sell,0.00285976,6266.41000000
6266.4,6266.41,7259021698,10/31/2018 04:04:15,sell,0.02748445,6266.41000000
6266.4,6266.41,7259021722,10/31/2018 04:04:17,sell,0.00762337,6266.41000000
6266.4,6266.41,7259022124,10/31/2018 04:04:22,sell,0.00524156,6266.41000000
6266.4,6266.41,7259022495,10/31/2018 04:04:31,buy,0.00231000,6266.40000000
6266.4,6266.41,7259022544,10/31/2018 04:04:33,buy,0.03207663,6266.40000000
6266.4,6266.41,7259022552,10/31/2018 04:04:33,buy,0.04811495,6266.40000000
6266.4,6266.41,7259022572,10/31/2018 04:04:33,sell,0.06871193,6266.41000000
6266.4,6266.41,7259022692,10/31/2018 04:04:36,sell,0.00293915,6266.41000000
6266.4,6266.41,7259022746,10/31/2018 04:04:38,sell,0.00984639,6266.41000000
6266.4,6266.41,7259022988,10/31/2018 04:04:45,sell,0.04895861,6266.41000000
6266.4,6266.41,7259023144,10/31/2018 04:04:51,buy,0.00231000,6266.40000000
6266.4,6266.41,7259023628,10/31/2018 04:05:02,sell,0.00238095,6266.41000000
6266.4,6266.41,7259023719,10/31/2018 04:05:04,sell,0.07375183,6266.41000000
6266.4,6266.41,7259023989,10/31/2018 04:05:11,buy,0.00231000,6266.40000000
6266.4,6266.41,7259024161,10/31/2018 04:05:15,sell,0.00524156,6266.41000000
6266.4,6266.41,7259024243,10/31/2018 04:05:17,sell,0.01143426,6266.41000000
6266.4,6266.41,7259024356,10/31/2018 04:05:22,sell,0.19697853,6266.41000000
6266.4,6266.41,7259024531,10/31/2018 04:05:31,buy,0.00231000,6266.40000000
6266.4,6266.41,7259024667,10/31/2018 04:05:35,sell,0.07791523,6266.41000000
6266.4,6266.41,7259024923,10/31/2018 04:05:40,sell,0.01984997,6266.41000000
6266.4,6266.41,7259024957,10/31/2018 04:05:40,sell,0.85577702,6266.41000000
6266.4,6266.41,7259024959,10/31/2018 04:05:40,sell,0.02315000,6266.41000000
6266.4,6266.41,7259024961,10/31/2018 04:05:40,sell,0.00100000,6266.41000000
6266.4,6266.41,7259024963,10/31/2018 04:05:40,sell,3.03147008,6266.41000000
6266.4,6266.41,7259025133,10/31/2018 04:05:41,buy,0.23576327,6266.40000000
6266.4,6266.41,7259025229,10/31/2018 04:05:42,sell,0.00371345,6266.41000000
6266.4,6266.41,7259025530,10/31/2018 04:05:48,buy,0.16840750,6266.40000000
6266.4,6266.41,7259025532,10/31/2018 04:05:48,buy,0.00100000,6266.40000000
6266.4,6266.41,7259025534,10/31/2018 04:05:48,buy,0.00100000,6266.40000000
6266.4,6266.41,7259025536,10/31/2018 04:05:48,buy,0.03191625,6266.40000000
6266.4,6266.41,7259025538,10/31/2018 04:05:48,buy,0.01600000,6266.38000000
6266.4,6266.41,7259025540,10/31/2018 04:05:48,buy,0.00100000,6266.24000000
6266.4,6266.41,7259025542,10/31/2018 04:05:48,buy,0.00787899,6266.00000000
6265.01,6266.41,7259025544,10/31/2018 04:05:48,buy,0.16653795,6265.01000000
6265.01,6266.41,7259025547,10/31/2018 04:05:48,buy,0.01246968,6265.01000000
6265.01,6266.41,7259026033,10/31/2018 04:05:52,sell,0.01526896,6265.02000000
6265.01,6265.02,7259026102,10/31/2018 04:05:52,sell,0.00143067,6265.02000000
6265.01,6265.02,7259026369,10/31/2018 04:05:58,sell,0.00762506,6265.02000000
6265.01,6265.02,7259026438,10/31/2018 04:06:00,buy,0.01587985,6265.01000000
6265.01,6265.02,7259026564,10/31/2018 04:06:05,sell,0.07636494,6265.02000000
6265.01,6265.02,7259026692,10/31/2018 04:06:07,sell,0.00131037,6265.02000000
6265.01,6265.02,7259026694,10/31/2018 04:06:07,sell,0.00396600,6265.02000000
6265.01,6265.02,7259026696,10/31/2018 04:06:07,sell,0.00156951,6265.02000000
6265.01,6265.02,7259026698,10/31/2018 04:06:07,sell,0.01345412,6265.02000000
6265.01,6265.02,7259026823,10/31/2018 04:06:09,sell,0.00969588,6265.02000000
6265.01,6265.02,7259026825,10/31/2018 04:06:09,sell,0.01168162,6265.02000000
6265.01,6265.02,7259026856,10/31/2018 04:06:10,sell,0.00444861,6265.02000000
6265.01,6265.02,7259027087,10/31/2018 04:06:14,buy,0.00160419,6265.01000000
6265.01,6265.02,7259027349,10/31/2018 04:06:19,buy,0.01386502,6265.01000000
6265.01,6265.02,7259027518,10/31/2018 04:06:23,sell,0.00762506,6265.02000000
6265.01,6265.02,7259027536,10/31/2018 04:06:24,sell,0.01175444,6265.02000000
6265.01,6265.02,7259027759,10/31/2018 04:06:27,sell,0.01680022,6265.02000000
6265.01,6265.02,7259028007,10/31/2018 04:06:31,sell,0.00214569,6265.02000000
6265.01,6265.02,7259028054,10/31/2018 04:06:31,buy,0.00231000,6265.01000000
6265.01,6265.02,7259028058,10/31/2018 04:06:31,sell,0.00278098,6265.02000000
6265.01,6265.02,7259028113,10/31/2018 04:06:32,sell,0.00890675,6265.02000000
6265.01,6265.02,7259028450,10/31/2018 04:06:35,sell,0.00101329,6265.02000000
6265.01,6265.02,7259028595,10/31/2018 04:06:38,sell,0.04352684,6265.02000000
6265.01,6265.02,7259028838,10/31/2018 04:06:43,sell,0.00631650,6265.02000000
6265.01,6265.02,7259028840,10/31/2018 04:06:43,sell,0.00971979,6265.02000000
6265.01,6265.02,7259028907,10/31/2018 04:06:44,sell,0.01159562,6265.02000000
6265.01,6265.02,7259029092,10/31/2018 04:06:47,sell,0.01104133,6265.02000000
6265.01,6265.02,7259029201,10/31/2018 04:06:48,sell,0.04647776,6265.02000000
6265.01,6265.02,7259029246,10/31/2018 04:06:50,sell,0.12519326,6265.02000000
6265.01,6265.02,7259029365,10/31/2018 04:06:51,buy,0.00231000,6265.01000000
6265.01,6265.02,7259029400,10/31/2018 04:06:53,sell,0.00326000,6265.02000000
6265.01,6265.02,7259029459,10/31/2018 04:06:56,buy,0.13912526,6265.01000000
6265.01,6265.02,7259029461,10/31/2018 04:06:56,buy,0.00378183,6265.01000000
6265.01,6265.02,7259029463,10/31/2018 04:06:56,buy,0.16188855,6265.01000000
6265.01,6265.02,7259030582,10/31/2018 04:07:06,sell,0.02315000,6265.02000000
6265.01,6265.02,7259030584,10/31/2018 04:07:06,sell,0.00100000,6265.02000000
6265.01,6265.02,7259030586,10/31/2018 04:07:06,sell,0.05221494,6265.02000000
6265.01,6265.02,7259030822,10/31/2018 04:07:08,sell,0.00984857,6265.02000000
6265.01,6265.02,7259031723,10/31/2018 04:07:31,buy,0.00231000,6265.01000000
6265.01,6265.02,7259031806,10/31/2018 04:07:35,sell,0.02176024,6265.02000000
6265.01,6265.02,7259031868,10/31/2018 04:07:37,sell,0.12078118,6265.02000000
6265.01,6265.02,7259031874,10/31/2018 04:07:38,sell,0.33142084,6265.02000000
6265.01,6265.02,7259031967,10/31/2018 04:07:42,sell,0.03912270,6265.02000000
6265.01,6265.02,7259032196,10/31/2018 04:07:44,sell,0.03580000,6265.02000000
6265.01,6265.02,7259032353,10/31/2018 04:07:46,buy,0.06352583,6265.01000000
6265.01,6265.02,7259032709,10/31/2018 04:07:51,sell,0.02334847,6265.02000000
6265.01,6265.02,7259032716,10/31/2018 04:07:51,sell,0.00326000,6265.02000000
6265.01,6265.02,7259032720,10/31/2018 04:07:51,buy,0.00231000,6265.01000000
6265.01,6265.02,7259033654,10/31/2018 04:08:02,sell,0.00873681,6265.02000000
6265.01,6265.02,7259034071,10/31/2018 04:08:07,sell,0.10690964,6265.02000000
6265.01,6265.02,7259034244,10/31/2018 04:08:08,sell,0.12000000,6265.02000000
6265.01,6265.02,7259034512,10/31/2018 04:08:11,buy,0.00231000,6265.01000000
6265.01,6265.02,7259034524,10/31/2018 04:08:11,sell,0.00341627,6265.02000000
6265.01,6265.02,7259034983,10/31/2018 04:08:17,sell,0.00293980,6265.02000000
6265.01,6265.02,7259035210,10/31/2018 04:08:25,sell,0.00143099,6265.02000000
6265.01,6265.02,7259035239,10/31/2018 04:08:26,sell,0.00143099,6265.02000000
6265.01,6265.02,7259035261,10/31/2018 04:08:27,sell,0.00143099,6265.02000000
6265.01,6265.02,7259035267,10/31/2018 04:08:27,buy,0.43041809,6265.01000000
6265.01,6265.02,7259035331,10/31/2018 04:08:27,sell,0.00143099,6265.02000000
6265.01,6265.02,7259035363,10/31/2018 04:08:28,sell,0.00762506,6265.02000000
6265.01,6265.02,7259035516,10/31/2018 04:08:30,buy,0.00231000,6265.01000000
6265.01,6265.02,7259035614,10/31/2018 04:08:33,buy,0.01269000,6265.01000000
6265.01,6265.02,7259035616,10/31/2018 04:08:33,buy,0.00447481,6265.01000000
6265.01,6265.02,7259035723,10/31/2018 04:08:37,buy,0.06052519,6265.01000000
6265.01,6265.02,7259035725,10/31/2018 04:08:37,buy,0.01500000,6265.01000000
6265.01,6265.02,7259035727,10/31/2018 04:08:37,buy,0.14844120,6265.00000000
6265.01,6265.02,7259035729,10/31/2018 04:08:37,buy,0.02963361,6265.00000000
6265,6265.01,7259035938,10/31/2018 04:08:39,buy,0.00229039,6265.00000000
6265,6265.01,7259035940,10/31/2018 04:08:39,buy,0.00159617,6265.00000000
6265,6265.01,7259035942,10/31/2018 04:08:39,buy,0.17625628,6264.67000000
6264.67,6264.68,7259036405,10/31/2018 04:08:42,buy,0.04259076,6264.67000000
6264.67,6264.68,7259036407,10/31/2018 04:08:42,buy,0.01500000,6264.67000000
6264.12,6264.67,7259036515,10/31/2018 04:08:42,buy,0.00100000,6264.12000000
6264.03,6264.12,7259036618,10/31/2018 04:08:42,buy,0.00100000,6264.03000000
6263.74,6264.03,7259036826,10/31/2018 04:08:42,buy,0.00150000,6263.74000000
6263.68,6263.75,7259036831,10/31/2018 04:08:43,buy,0.00100000,6263.68000000
6262.69,6263.75,7259036954,10/31/2018 04:08:43,buy,0.01000000,6262.69000000
6262.69,6263.75,7259036956,10/31/2018 04:08:43,buy,0.03000000,6262.69000000
6262.69,6263.75,7259036958,10/31/2018 04:08:43,buy,0.00324264,6262.69000000
6262.69,6263.75,7259036960,10/31/2018 04:08:43,buy,3.00000000,6262.67000000
6262.52,6262.7,7259036970,10/31/2018 04:08:43,buy,0.00100000,6262.52000000
6261.31,6262.7,7259037463,10/31/2018 04:08:46,sell,0.15649079,6261.32000000
6261.31,6261.32,7259037910,10/31/2018 04:08:51,buy,0.00231000,6261.31000000
6261.31,6261.32,7259037997,10/31/2018 04:08:53,sell,0.07829163,6261.32000000
6261.31,6261.32,7259038119,10/31/2018 04:08:55,buy,0.19748746,6261.31000000
6261.31,6261.32,7259038302,10/31/2018 04:09:02,buy,2.00000000,6261.31000000
6261.31,6261.32,7259038305,10/31/2018 04:09:02,buy,0.00159617,6261.31000000
6261.31,6261.32,7259038335,10/31/2018 04:09:03,sell,0.00762956,6261.32000000
6261.31,6261.32,7259038341,10/31/2018 04:09:04,sell,0.00407881,6261.32000000
6261.31,6261.32,7259038343,10/31/2018 04:09:04,sell,0.00275617,6261.32000000
6261.31,6261.32,7259038361,10/31/2018 04:09:05,sell,0.01581216,6261.32000000
6261.31,6261.32,7259038373,10/31/2018 04:09:05,sell,0.00167021,6261.32000000
6261.31,6261.32,7259038413,10/31/2018 04:09:06,buy,1.45563478,6261.31000000
6261.31,6261.32,7259038575,10/31/2018 04:09:08,sell,0.00291146,6261.32000000
6261.31,6261.32,7259038577,10/31/2018 04:09:08,sell,0.01000000,6261.32000000
6261.31,6261.32,7259038579,10/31/2018 04:09:08,sell,0.07479592,6261.33000000
6261.31,6261.33,7259039074,10/31/2018 04:09:18,sell,0.00248989,6261.33000000
6261.32,6261.33,7259039083,10/31/2018 04:09:18,sell,0.01111492,6261.33000000
6261.32,6261.33,7259039194,10/31/2018 04:09:21,sell,0.00294153,6261.33000000
6261.32,6261.33,7259039468,10/31/2018 04:09:25,sell,0.00445123,6261.33000000
6261.32,6261.33,7259039486,10/31/2018 04:09:26,sell,0.00143183,6261.33000000
6261.32,6261.33,7259039647,10/31/2018 04:09:31,buy,0.00231000,6261.32000000
6261.32,6261.33,7259039694,10/31/2018 04:09:33,sell,0.00762955,6261.33000000
6261.32,6261.33,7259039940,10/31/2018 04:09:40,sell,0.03056429,6261.33000000
6261.32,6261.33,7259039975,10/31/2018 04:09:41,sell,0.00905980,6261.33000000
6261.32,6261.33,7259040178,10/31/2018 04:09:51,buy,0.00882823,6261.32000000
6261.32,6261.33,7259040192,10/31/2018 04:09:51,buy,0.00231000,6261.32000000
6261.32,6261.33,7259040200,10/31/2018 04:09:51,buy,0.00232584,6261.32000000
6261.32,6261.33,7259040244,10/31/2018 04:09:54,sell,0.04355249,6261.33000000
6261.32,6261.33,7259040309,10/31/2018 04:09:57,sell,0.07829151,6261.33000000
6261.32,6261.33,7259040321,10/31/2018 04:09:57,buy,0.00833348,6261.32000000
6261.32,6261.33,7259040326,10/31/2018 04:09:58,sell,0.03130802,6261.33000000
6261.32,6261.33,7259040368,10/31/2018 04:09:59,sell,0.00109082,6261.33000000
6261.32,6261.33,7259040451,10/31/2018 04:10:04,sell,0.01197150,6261.33000000
6261.32,6261.33,7259040604,10/31/2018 04:10:10,sell,0.07829151,6261.33000000
6261.32,6261.33,7259040618,10/31/2018 04:10:11,buy,0.00231000,6261.32000000
6261.32,6261.33,7259040661,10/31/2018 04:10:13,buy,0.11235931,6261.32000000
6261.32,6261.33,7259040671,10/31/2018 04:10:13,buy,0.19850423,6261.32000000
6261.32,6261.33,7259040852,10/31/2018 04:10:18,sell,0.08023028,6261.33000000
6261.32,6261.33,7259040972,10/31/2018 04:10:20,sell,0.23278491,6261.33000000
6261.32,6261.33,7259040974,10/31/2018 04:10:20,sell,0.02315000,6261.33000000
6261.32,6262.2,7259040976,10/31/2018 04:10:20,sell,0.00100000,6262.20000000
6261.32,6262.2,7259040978,10/31/2018 04:10:20,sell,0.01813897,6262.88000000
6261.32,6262.88,7259041026,10/31/2018 04:10:20,sell,0.01600000,6263.00000000
6261.32,6262.88,7259041028,10/31/2018 04:10:20,sell,0.00100000,6263.13000000
6261.32,6262.88,7259041030,10/31/2018 04:10:20,sell,0.08300000,6264.70000000
6262.88,6264.7,7259045754,10/31/2018 04:10:36,sell,0.01681012,6263.71000000
6263.7,6263.71,7259045800,10/31/2018 04:10:36,buy,0.02308929,6263.70000000
6263.7,6263.71,7259045844,10/31/2018 04:10:37,sell,0.00800000,6263.71000000
6263.7,6263.71,7259046114,10/31/2018 04:10:44,sell,0.07918988,6263.71000000
6263.7,6263.71,7259046116,10/31/2018 04:10:44,sell,0.01000000,6263.71000000
6263.7,6263.71,7259046118,10/31/2018 04:10:44,sell,0.00130523,6263.71000000
6263.7,6263.71,7259046120,10/31/2018 04:10:44,sell,0.10043911,6264.12000000
6263.7,6264.12,7259046773,10/31/2018 04:10:47,sell,0.03744059,6264.09000000
6263.99,6264.09,7259046858,10/31/2018 04:10:48,sell,0.01527555,6264.09000000
6264.02,6264.09,7259047180,10/31/2018 04:10:50,sell,0.06110377,6264.06000000
6264.05,6264.06,7259047561,10/31/2018 04:10:51,buy,0.00231000,6264.05000000
6264.05,6264.06,7259048160,10/31/2018 04:10:54,sell,0.05411506,6264.06000000
6264.05,6264.06,7259048555,10/31/2018 04:10:55,sell,0.00373437,6264.06000000
6264.05,6264.06,7259048992,10/31/2018 04:10:57,sell,0.01541057,6264.06000000
6264.05,6264.06,7259049833,10/31/2018 04:11:03,sell,0.01382125,6264.06000000
6264.05,6264.06,7259049875,10/31/2018 04:11:05,sell,0.15275169,6264.06000000
6264.05,6264.06,7259049938,10/31/2018 04:11:05,buy,0.28230000,6264.05000000
6264.05,6264.06,7259050121,10/31/2018 04:11:07,sell,0.02315000,6264.06000000
6264.05,6264.06,7259050123,10/31/2018 04:11:07,sell,0.08224951,6264.06000000
6264.05,6264.06,7259050283,10/31/2018 04:11:09,buy,0.04338180,6264.06000000
6264.06,6264.11,7259050598,10/31/2018 04:11:13,sell,0.00294023,6264.11000000
6264.1,6264.11,7259050798,10/31/2018 04:11:15,sell,0.00373445,6264.11000000
6264.1,6264.11,7259050803,10/31/2018 04:11:15,sell,0.01647532,6264.11000000
6264.1,6264.11,7259050805,10/31/2018 04:11:15,sell,0.01529375,6264.11000000
6264.1,6264.11,7259052505,10/31/2018 04:11:20,sell,0.00100000,6264.15000000
6264.14,6264.15,7259052507,10/31/2018 04:11:20,sell,0.11738110,6264.15000000
6264.14,6264.15,7259052635,10/31/2018 04:11:20,buy,0.01717664,6264.14000000
6264.14,6264.57,7259054397,10/31/2018 04:11:25,sell,0.00100000,6264.60000000
6264.59,6264.6,7259054399,10/31/2018 04:11:25,sell,0.00054873,6264.60000000
6264.59,6264.6,7259055742,10/31/2018 04:11:28,sell,0.03055054,6264.97000000
6264.88,6264.97,7259055881,10/31/2018 04:11:30,sell,0.00325790,6264.96000000
6264.92,6264.96,7259055945,10/31/2018 04:11:30,sell,0.01493579,6264.96000000
6264.95,6264.96,7259056014,10/31/2018 04:11:30,buy,0.00100000,6264.96000000
6264.95,6265.03,7259056075,10/31/2018 04:11:31,sell,0.00444923,6264.96000000
6264.94,6264.96,7259056114,10/31/2018 04:11:31,sell,0.00826149,6264.96000000
6264.95,6264.96,7259057005,10/31/2018 04:11:35,sell,0.01488851,6264.96000000
6264.95,6264.96,7259057007,10/31/2018 04:11:35,sell,0.29031027,6264.96000000
6264.95,6264.96,7259057240,10/31/2018 04:11:36,buy,0.01050000,6264.96000000
6264.96,6265.03,7259057879,10/31/2018 04:11:38,buy,0.00100000,6264.96000000
6264.95,6265.03,7259058353,10/31/2018 04:11:39,sell,0.00100000,6265.04000000
6264.95,6265.03,7259058355,10/31/2018 04:11:39,sell,0.00100499,6265.04000000
6264.95,6265.03,7259058357,10/31/2018 04:11:39,sell,0.15961590,6265.04000000
6264.95,6265.03,7259058359,10/31/2018 04:11:39,sell,0.00100000,6265.46000000
6264.95,6265.03,7259058361,10/31/2018 04:11:39,sell,1.83737911,6265.60000000
6265.03,6265.6,7259060513,10/31/2018 04:11:45,sell,0.00603682,6265.21000000
6265.18,6265.21,7259061305,10/31/2018 04:11:47,sell,0.00100000,6265.31000000
6265.18,6265.21,7259061307,10/31/2018 04:11:47,sell,0.00273395,6265.31000000
6265.3,6265.31,7259061545,10/31/2018 04:11:48,sell,0.04840002,6265.31000000
6265.3,6265.31,7259062407,10/31/2018 04:11:50,sell,0.01527230,6265.31000000
6265.3,6265.31,7259062913,10/31/2018 04:11:55,sell,0.00762458,6265.31000000
6265.3,6265.31,7259063532,10/31/2018 04:11:57,sell,0.01552542,6265.31000000
6265.3,6265.48,7259063534,10/31/2018 04:11:57,sell,0.00100000,6265.48000000
6265.3,6265.48,7259063536,10/31/2018 04:11:57,sell,0.03041946,6265.71000000
6265.3,6265.71,7259065098,10/31/2018 04:12:02,sell,0.00208276,6265.71000000
6265.7,6265.71,7259065613,10/31/2018 04:12:05,sell,0.02290601,6265.71000000
6265.7,6265.71,7259066565,10/31/2018 04:12:12,sell,0.00762422,6265.71000000
6265.7,6265.71,7259067228,10/31/2018 04:12:16,sell,0.00762422,6265.71000000
6265.7,6265.71,7259070012,10/31/2018 04:12:26,buy,0.00254900,6265.70000000
6265.7,6265.71,7259070014,10/31/2018 04:12:26,buy,0.02870836,6265.70000000
6265.7,6265.71,7259070264,10/31/2018 04:12:31,buy,0.00231000,6265.70000000
6265.7,6265.71,7259070329,10/31/2018 04:12:32,sell,0.02016980,6265.71000000
6265.7,6265.71,7259070405,10/31/2018 04:12:33,sell,0.00762422,6265.71000000
6265.7,6265.71,7259070423,10/31/2018 04:12:34,sell,0.00444812,6265.71000000
6265.7,6265.71,7259070599,10/31/2018 04:12:41,sell,0.00373350,6265.71000000
6265.7,6265.71,7259070661,10/31/2018 04:12:44,sell,0.00143083,6265.71000000
6265.7,6265.71,7259070768,10/31/2018 04:12:50,buy,0.00231000,6265.70000000
6265.7,6265.71,7259071023,10/31/2018 04:12:59,buy,0.25019841,6265.70000000
6265.7,6265.71,7259071174,10/31/2018 04:13:04,sell,0.32459530,6265.71000000
6265.7,6265.71,7259071257,10/31/2018 04:13:05,sell,0.00357470,6265.71000000
6265.7,6265.71,7259071315,10/31/2018 04:13:06,sell,0.01221685,6265.71000000
6265.7,6265.71,7259071325,10/31/2018 04:13:07,sell,0.08017420,6265.71000000
6265.7,6265.71,7259071484,10/31/2018 04:13:10,sell,0.02164001,6265.71000000
6265.7,6265.71,7259071488,10/31/2018 04:13:11,sell,0.01815400,6265.71000000
6265.7,6265.71,7259071500,10/31/2018 04:13:11,buy,0.00231000,6265.70000000
6265.7,6265.71,7259071645,10/31/2018 04:13:16,sell,0.04773644,6265.71000000
6265.7,6265.71,7259071691,10/31/2018 04:13:18,sell,0.01540565,6265.71000000
6265.7,6265.71,7259071707,10/31/2018 04:13:18,sell,0.00200000,6265.71000000
6265.7,6265.71,7259071795,10/31/2018 04:13:21,buy,0.04450000,6265.70000000
6265.7,6265.71,7259071836,10/31/2018 04:13:22,sell,0.00762422,6265.71000000
6265.7,6265.71,7259071871,10/31/2018 04:13:24,sell,0.01081971,6265.71000000
6265.7,6265.71,7259071979,10/31/2018 04:13:31,sell,0.02366986,6265.71000000
6265.7,6265.71,7259072004,10/31/2018 04:13:31,buy,0.00231000,6265.70000000
6265.7,6265.71,7259072092,10/31/2018 04:13:35,sell,0.03049688,6265.71000000
6265.7,6265.71,7259072156,10/31/2018 04:13:41,sell,0.22100000,6265.71000000
6265.7,6265.71,7259072169,10/31/2018 04:13:41,sell,0.00246306,6265.71000000
6265.7,6265.71,7259072754,10/31/2018 04:13:46,sell,0.00111322,6265.71000000
6265.7,6265.71,7259072867,10/31/2018 04:13:48,sell,0.00905346,6265.71000000
6265.7,6265.71,7259072892,10/31/2018 04:13:49,sell,0.01527067,6265.71000000
6265.7,6265.71,7259073114,10/31/2018 04:13:51,buy,0.00231000,6265.70000000
6265.7,6265.71,7259073410,10/31/2018 04:13:52,sell,0.02334589,6265.71000000
6265.7,6265.71,7259074395,10/31/2018 04:13:54,sell,0.02687771,6265.71000000
6265.7,6265.71,7259074408,10/31/2018 04:13:54,sell,0.00337178,6265.71000000
6265.7,6265.71,7259074446,10/31/2018 04:13:54,sell,0.00476573,6265.71000000
6265.7,6265.71,7259074993,10/31/2018 04:13:56,sell,0.05007116,6265.71000000
6265.7,6265.71,7259075582,10/31/2018 04:13:58,sell,0.00762422,6265.71000000
6265.7,6265.71,7259075754,10/31/2018 04:13:59,sell,0.00603617,6265.71000000
6265.7,6265.71,7259075811,10/31/2018 04:14:00,sell,0.00762422,6265.71000000
6265.7,6265.71,7259075907,10/31/2018 04:14:03,buy,0.02344966,6265.70000000
6265.7,6265.71,7259076059,10/31/2018 04:14:04,buy,0.16842115,6265.70000000
6265.7,6265.71,7259076284,10/31/2018 04:14:04,buy,0.00636832,6265.70000000
6265.7,6265.71,7259078295,10/31/2018 04:14:11,buy,0.00231000,6265.70000000
6265.7,6265.71,7259078638,10/31/2018 04:14:12,sell,0.04886742,6265.71000000
6265.7,6265.71,7259081566,10/31/2018 04:14:25,sell,0.00603617,6265.71000000
6265.7,6265.71,7259083207,10/31/2018 04:14:31,buy,0.00231000,6265.70000000
6265.7,6265.71,7259083446,10/31/2018 04:14:32,sell,0.01221685,6265.71000000
6265.7,6265.71,7259085122,10/31/2018 04:14:42,sell,0.03054293,6265.71000000
6265.7,6265.71,7259085139,10/31/2018 04:14:43,sell,0.00745747,6265.71000000
6265.7,6265.71,7259085233,10/31/2018 04:14:44,sell,0.00293948,6265.71000000
6265.7,6265.71,7259086760,10/31/2018 04:14:51,buy,0.00231000,6265.70000000
6265.7,6265.71,7259087387,10/31/2018 04:14:55,sell,0.01143553,6265.71000000
6265.7,6265.71,7259087403,10/31/2018 04:14:56,sell,0.10689787,6265.71000000
6265.7,6265.71,7259088451,10/31/2018 04:15:02,sell,0.01527067,6265.71000000
6265.7,6265.71,7259088642,10/31/2018 04:15:04,sell,0.04694270,6265.71000000
6265.7,6265.71,7259089228,10/31/2018 04:15:07,sell,0.08765708,6265.71000000
6265.7,6265.71,7259089483,10/31/2018 04:15:11,buy,0.00231000,6265.70000000
6265.7,6265.71,7259090882,10/31/2018 04:15:17,sell,0.07635653,6265.71000000
6265.7,6265.71,7259092211,10/31/2018 04:15:23,sell,0.05207527,6265.71000000
6265.7,6265.71,7259093009,10/31/2018 04:15:27,sell,0.00293948,6265.71000000
6265.7,6265.71,7259093416,10/31/2018 04:15:31,buy,0.00231000,6265.70000000
6265.7,6265.71,7259093921,10/31/2018 04:15:33,buy,0.27690000,6265.70000000
6265.7,6265.71,7259094009,10/31/2018 04:15:36,sell,0.01040330,6265.71000000
6265.7,6265.71,7259094308,10/31/2018 04:15:38,buy,0.04010027,6265.70000000
6265.7,6265.71,7259094424,10/31/2018 04:15:38,sell,0.00905346,6265.71000000
6265.7,6265.71,7259094577,10/31/2018 04:15:39,sell,0.07823678,6265.71000000
6265.7,6265.71,7259094907,10/31/2018 04:15:42,buy,0.05144508,6265.70000000
6265.7,6265.71,7259094909,10/31/2018 04:15:42,buy,0.00855455,6265.70000000
6265.7,6265.71,7259097830,10/31/2018 04:15:51,buy,0.00231000,6265.70000000
6265.7,6265.71,7259099239,10/31/2018 04:16:04,sell,0.00151023,6265.71000000
6265.7,6265.71,7259099613,10/31/2018 04:16:05,sell,0.00782431,6265.71000000
6265.7,6265.71,7259099738,10/31/2018 04:16:05,sell,0.00461136,6265.71000000
6265.7,6265.71,7259099740,10/31/2018 04:16:05,sell,0.00031318,6265.71000000
6265.7,6265.71,7259100541,10/31/2018 04:16:11,buy,0.00228000,6265.70000000
6265.7,6265.71,7259100588,10/31/2018 04:16:13,sell,0.01679837,6265.71000000
6265.7,6265.71,7259101353,10/31/2018 04:16:16,sell,0.00762422,6265.71000000
6265.7,6265.71,7259101589,10/31/2018 04:16:17,buy,0.24060164,6265.70000000
6265.7,6265.71,7259101921,10/31/2018 04:16:19,sell,0.15647355,6265.71000000
6265.7,6265.71,7259102500,10/31/2018 04:16:23,sell,0.00762422,6265.71000000
6265.7,6265.71,7259103266,10/31/2018 04:16:25,sell,0.00524215,6265.71000000
6265.7,6265.71,7259103800,10/31/2018 04:16:31,buy,0.00231000,6265.70000000
6265.7,6265.71,7259103953,10/31/2018 04:16:37,sell,0.03003886,6265.71000000
6265.7,6265.71,7259103956,10/31/2018 04:16:37,sell,0.04502108,6265.71000000
6265.7,6265.71,7259104888,10/31/2018 04:16:44,buy,0.19376452,6265.70000000
6265.7,6265.71,7259105050,10/31/2018 04:16:44,sell,0.01838898,6265.71000000
6265.7,6265.71,7259106400,10/31/2018 04:16:51,buy,0.00231000,6265.70000000
6265.7,6265.71,7259106913,10/31/2018 04:16:53,sell,0.18324764,6265.71000000
6265.7,6265.71,7259107556,10/31/2018 04:16:55,sell,0.01198659,6265.71000000
6265.7,6265.71,7259107680,10/31/2018 04:16:56,buy,0.17032877,6265.70000000
6265.7,6265.71,7259107682,10/31/2018 04:16:56,buy,0.00159599,6265.70000000
6265.7,6265.71,7259107684,10/31/2018 04:16:56,buy,0.00798068,6265.70000000
6265.7,6265.71,7259107686,10/31/2018 04:16:56,buy,0.47453102,6265.70000000
6265.7,6265.71,7259107765,10/31/2018 04:16:57,sell,0.00157524,6265.71000000
6265.7,6265.71,7259107884,10/31/2018 04:16:58,sell,0.00212640,6265.71000000
6265.7,6265.71,7259108127,10/31/2018 04:17:07,sell,0.01604087,6265.71000000
6265.7,6265.71,7259108420,10/31/2018 04:17:11,sell,0.02704083,6265.71000000
6265.7,6265.71,7259108470,10/31/2018 04:17:11,buy,0.00231000,6265.70000000
6265.7,6265.71,7259109099,10/31/2018 04:17:13,sell,0.00317768,6265.71000000
6265.7,6265.71,7259110323,10/31/2018 04:17:18,sell,0.00905346,6265.71000000
6265.7,6265.71,7259110982,10/31/2018 04:17:21,sell,0.16393896,6265.71000000
6265.7,6265.71,7259111465,10/31/2018 04:17:25,buy,0.16380480,6265.70000000
6265.7,6265.71,7259111712,10/31/2018 04:17:31,buy,0.00231000,6265.70000000
6265.7,6265.71,7259113555,10/31/2018 04:17:41,sell,0.00391136,6265.71000000
6265.7,6265.71,7259114559,10/31/2018 04:17:45,sell,0.00825944,6265.71000000
6265.7,6265.71,7259115718,10/31/2018 04:17:50,sell,0.00825944,6265.71000000
6265.7,6265.71,7259115803,10/31/2018 04:17:51,buy,0.00231000,6265.70000000
6265.7,6265.71,7259115916,10/31/2018 04:17:52,sell,0.00246306,6265.71000000
6265.7,6265.71,7259116110,10/31/2018 04:17:54,sell,0.00182784,6265.71000000
6265.7,6265.71,7259116490,10/31/2018 04:18:00,buy,0.00820000,6265.70000000
6265.7,6265.71,7259116560,10/31/2018 04:18:03,sell,0.01679837,6265.71000000
6265.7,6265.71,7259116575,10/31/2018 04:18:05,sell,0.18620340,6265.71000000
6265.7,6265.71,7259116740,10/31/2018 04:18:07,sell,0.00762422,6265.71000000
6265.7,6265.71,7259116940,10/31/2018 04:18:08,buy,0.58422879,6265.70000000
6265.7,6265.71,7259116942,10/31/2018 04:18:08,buy,0.00100000,6265.70000000
6265.7,6265.71,7259116944,10/31/2018 04:18:08,buy,0.00480000,6265.60000000
6265.7,6265.71,7259116946,10/31/2018 04:18:08,buy,0.00480000,6265.60000000
6265.7,6265.71,7259116948,10/31/2018 04:18:08,buy,0.00100000,6265.04000000
6264.59,6265.71,7259116950,10/31/2018 04:18:08,buy,0.03297233,6264.59000000
6264.59,6265.71,7259116952,10/31/2018 04:18:08,buy,0.33360544,6264.59000000
6264.59,6265.71,7259117233,10/31/2018 04:18:11,buy,0.00200000,6265.70000000
6265.7,6265.71,7259117235,10/31/2018 04:18:11,buy,0.00031000,6265.70000000
6265.7,6265.71,7259117467,10/31/2018 04:18:17,sell,0.00143083,6265.71000000
6265.7,6265.71,7259117742,10/31/2018 04:18:22,sell,0.00603617,6265.71000000
6265.7,6265.71,7259117822,10/31/2018 04:18:28,sell,0.01711383,6265.71000000
6265.7,6265.71,7259117824,10/31/2018 04:18:28,sell,0.00044839,6265.71000000
6265.7,6265.71,7259117894,10/31/2018 04:18:31,buy,0.00310908,6265.70000000
6265.7,6265.71,7259117911,10/31/2018 04:18:32,sell,0.00371386,6265.71000000
6265.7,6265.71,7259117971,10/31/2018 04:18:37,sell,0.03970120,6265.71000000
6265.7,6265.71,7259117982,10/31/2018 04:18:37,sell,0.00492454,6265.71000000
6265.7,6265.71,7259118009,10/31/2018 04:18:41,sell,0.46121201,6265.71000000
6265.7,6265.71,7259118011,10/31/2018 04:18:41,sell,0.00151339,6265.71000000
6265.7,6265.71,7259118013,10/31/2018 04:18:41,sell,0.31964078,6265.71000000
6265.7,6265.71,7259118135,10/31/2018 04:18:45,sell,0.50125465,6265.71000000
6265.7,6265.71,7259118174,10/31/2018 04:18:46,sell,0.77510457,6265.71000000
6265.7,6265.71,7259118176,10/31/2018 04:18:46,sell,0.02315000,6265.71000000
6265.7,6265.71,7259118178,10/31/2018 04:18:46,sell,0.06375144,6265.96000000
6265.7,6265.71,7259118180,10/31/2018 04:18:46,sell,0.00100000,6266.12000000
6265.7,6265.71,7259118182,10/31/2018 04:18:46,sell,0.00100000,6266.15000000
6265.7,6265.71,7259118184,10/31/2018 04:18:46,sell,1.00000000,6266.50000000
6265.7,6266.53,7259118186,10/31/2018 04:18:46,sell,0.00100000,6266.53000000
6265.7,6266.87,7259118188,10/31/2018 04:18:46,sell,0.00150000,6266.87000000
6265.7,6266.87,7259118190,10/31/2018 04:18:46,sell,0.13349399,6267.01000000
6265.7,6267.01,7259118235,10/31/2018 04:18:46,buy,0.10000000,6267.00000000
6267,6267.01,7259118766,10/31/2018 04:18:48,sell,0.05574049,6266.71000000
6266.13,6266.71,7259120083,10/31/2018 04:18:55,sell,0.00730614,6266.01000000
6266,6266.01,7259120240,10/31/2018 04:19:00,sell,0.03175893,6266.01000000
6266,6266.01,7259120288,10/31/2018 04:19:02,sell,0.01064083,6266.01000000
6266,6266.01,7259120497,10/31/2018 04:19:10,sell,0.00341573,6266.01000000
6266,6266.01,7259120534,10/31/2018 04:19:11,buy,0.00231000,6266.00000000
6266,6266.01,7259120645,10/31/2018 04:19:18,sell,0.03128414,6266.01000000
6266,6266.01,7259120715,10/31/2018 04:19:21,sell,0.07823303,6266.01000000
6266,6266.01,7259120730,10/31/2018 04:19:22,buy,0.01143156,6266.00000000
6266,6266.01,7259120743,10/31/2018 04:19:23,sell,0.01111739,6266.01000000
6266,6266.01,7259120780,10/31/2018 04:19:25,sell,0.00762385,6266.01000000
6266,6266.01,7259120909,10/31/2018 04:19:31,buy,0.00231000,6266.00000000
6266,6266.01,7259120942,10/31/2018 04:19:34,sell,0.06169113,6266.01000000
6266,6266.01,7259121257,10/31/2018 04:19:43,sell,0.00373332,6266.01000000
6266,6266.01,7259121266,10/31/2018 04:19:43,sell,0.01591138,6266.01000000
6266,6266.01,7259121284,10/31/2018 04:19:45,sell,0.11452772,6266.01000000
6266,6266.01,7259121316,10/31/2018 04:19:46,sell,0.01143499,6266.01000000
6266,6266.01,7259121337,10/31/2018 04:19:47,sell,0.00119215,6266.01000000
6266,6266.01,7259121369,10/31/2018 04:19:49,sell,0.04581141,6266.01000000
6266,6266.01,7259121396,10/31/2018 04:19:51,sell,0.02541809,6266.01000000
6266,6266.01,7259121402,10/31/2018 04:19:51,buy,0.00231000,6266.00000000
6266,6266.01,7259121513,10/31/2018 04:19:56,sell,0.00483880,6266.01000000
6266,6266.01,7259121821,10/31/2018 04:20:09,sell,0.00246294,6266.01000000
6266,6266.01,7259121826,10/31/2018 04:20:09,sell,0.03176262,6266.01000000
6266,6266.01,7259121932,10/31/2018 04:20:11,buy,0.00231000,6266.00000000
6266,6266.01,7259121972,10/31/2018 04:20:12,sell,0.06493377,6266.01000000
6266,6266.01,7259122008,10/31/2018 04:20:13,buy,0.02004918,6266.00000000
6266,6266.01,7259122045,10/31/2018 04:20:13,sell,0.50000000,6266.01000000
6266,6266.01,7259122198,10/31/2018 04:20:15,buy,0.43740000,6266.00000000
6266,6266.01,7259122373,10/31/2018 04:20:20,sell,0.56996671,6266.01000000
6266,6266.01,7259122375,10/31/2018 04:20:20,sell,0.02315000,6266.01000000
6266,6266.01,7259122377,10/31/2018 04:20:20,sell,0.40688329,6266.01000000
6266,6266.01,7259122536,10/31/2018 04:20:22,buy,0.02453859,6266.00000000
6266,6266.01,7259123029,10/31/2018 04:20:40,sell,0.02290491,6266.01000000
6266,6266.01,7259123144,10/31/2018 04:20:42,sell,0.00793986,6265.72000000
6265.71,6265.72,7259123352,10/31/2018 04:20:44,sell,0.11620779,6265.72000000
6265.71,6265.72,7259123517,10/31/2018 04:20:47,sell,0.00293934,6265.72000000
6265.71,6265.72,7259123576,10/31/2018 04:20:51,buy,0.00100000,6265.71000000
6265.71,6265.72,7259123578,10/31/2018 04:20:51,buy,0.00131000,6265.71000000
6265.71,6265.72,7259123622,10/31/2018 04:20:53,sell,0.00143076,6265.72000000
6265.71,6265.72,7259123639,10/31/2018 04:20:53,sell,0.32067825,6265.72000000
6265.71,6265.72,7259123743,10/31/2018 04:20:58,sell,0.07823303,6265.72000000
6265.71,6265.72,7259124528,10/31/2018 04:21:03,sell,1.00000000,6265.28000000
6265.27,6265.28,7259124966,10/31/2018 04:21:05,sell,0.05631378,6265.28000000
6265.27,6265.28,7259124968,10/31/2018 04:21:05,sell,0.10015952,6265.28000000
6265.27,6265.28,7259126582,10/31/2018 04:21:11,buy,0.00100000,6265.27000000
6265.27,6265.28,7259126584,10/31/2018 04:21:11,buy,0.00100000,6265.27000000
6265.27,6265.28,7259128074,10/31/2018 04:21:21,sell,0.02290758,6265.28000000
6265.27,6265.28,7259128433,10/31/2018 04:21:22,sell,0.01481817,6265.28000000
6265.27,6265.28,7259129743,10/31/2018 04:21:32,buy,0.00231000,6265.27000000
6265.27,6265.28,7259129875,10/31/2018 04:21:35,sell,0.02163511,6265.28000000
6265.27,6265.28,7259129901,10/31/2018 04:21:36,sell,0.00524251,6265.28000000
6265.27,6265.28,7259131530,10/31/2018 04:21:45,buy,0.01500000,6265.27000000
6264.88,6265.28,7259131532,10/31/2018 04:21:45,buy,0.00100000,6264.88000000
6264.88,6265.28,7259131534,10/31/2018 04:21:45,buy,0.00052084,6264.82000000
6264.82,6265.28,7259132348,10/31/2018 04:21:50,sell,0.00762474,6265.28000000
6265.27,6265.28,7259132488,10/31/2018 04:21:51,buy,0.00231000,6265.27000000
6265.27,6265.28,7259132632,10/31/2018 04:21:55,sell,0.00202905,6265.28000000
6265.27,6265.28,7259132634,10/31/2018 04:21:55,sell,0.01477048,6265.28000000
6265.27,6265.28,7259132719,10/31/2018 04:21:58,sell,0.00444843,6265.28000000
6265.27,6265.28,7259132746,10/31/2018 04:21:59,sell,0.00155004,6265.28000000
6265.27,6265.28,7259133091,10/31/2018 04:22:12,sell,0.05843817,6265.28000000
6265.27,6265.28,7259133166,10/31/2018 04:22:15,sell,0.15913238,6265.28000000
6265.27,6265.28,7259133244,10/31/2018 04:22:18,sell,0.00143093,6265.28000000
6265.27,6265.28,7259133417,10/31/2018 04:22:23,buy,0.02105569,6265.27000000
6265.27,6265.28,7259133462,10/31/2018 04:22:25,sell,0.00755486,6265.28000000
6265.27,6265.28,7259133475,10/31/2018 04:22:25,sell,0.00341613,6265.28000000
6265.27,6265.28,7259133584,10/31/2018 04:22:30,sell,0.00293968,6265.28000000
6265.27,6265.28,7259133593,10/31/2018 04:22:31,buy,0.00231000,6265.27000000
6265.27,6265.28,7259133625,10/31/2018 04:22:36,buy,0.02117440,6265.27000000
6265.27,6265.28,7259133676,10/31/2018 04:22:37,buy,0.02320000,6265.27000000
6265.27,6265.28,7259135104,10/31/2018 04:22:49,sell,0.01937710,6265.28000000
6265.27,6265.28,7259135235,10/31/2018 04:22:51,buy,0.00231000,6265.27000000
6265.27,6265.28,7259136326,10/31/2018 04:23:01,sell,0.00309849,6264.98000000
6264.97,6264.98,7259136573,10/31/2018 04:23:03,sell,0.00214560,6264.98000000
6264.97,6264.98,7259137528,10/31/2018 04:23:07,sell,0.02704269,6264.98000000
6264.97,6264.98,7259138114,10/31/2018 04:23:11,sell,0.00293982,6264.98000000
6264.97,6264.98,7259138246,10/31/2018 04:23:12,buy,0.00231000,6264.97000000
6264.97,6264.98,7259138617,10/31/2018 04:23:14,sell,0.01159569,6264.98000000
6264.97,6264.98,7259138743,10/31/2018 04:23:15,sell,0.01540671,6264.98000000
6264.97,6264.98,7259138801,10/31/2018 04:23:16,sell,0.14866656,6264.98000000
6264.97,6264.98,7259139501,10/31/2018 04:23:20,sell,0.00143100,6264.98000000
6264.97,6264.98,7259139690,10/31/2018 04:23:21,sell,0.01680033,6264.98000000
6264.97,6264.98,7259139695,10/31/2018 04:23:21,sell,0.00603687,6264.98000000
6264.97,6264.98,7259139769,10/31/2018 04:23:23,sell,0.01615204,6264.98000000
6264.97,6264.98,7259140507,10/31/2018 04:23:25,sell,0.00100000,6264.66000000
6264.65,6264.66,7259140509,10/31/2018 04:23:25,sell,0.01520157,6264.66000000
6264.65,6264.66,7259141289,10/31/2018 04:23:28,sell,0.00143100,6264.66000000
6264.65,6264.66,7259141333,10/31/2018 04:23:29,sell,1.56491627,6264.66000000
6264.65,6264.66,7259141595,10/31/2018 04:23:29,sell,0.00214570,6264.66000000
6264.65,6264.66,7259141997,10/31/2018 04:23:31,buy,0.00231000,6264.65000000
6264.65,6264.66,7259142592,10/31/2018 04:23:34,sell,0.01230546,6264.66000000
6264.65,6264.66,7259142594,10/31/2018 04:23:34,sell,0.00175684,6264.66000000
6264.65,6264.66,7259143093,10/31/2018 04:23:36,buy,0.00162872,6264.65000000
6264.65,6264.66,7259143825,10/31/2018 04:23:41,sell,0.04582128,6264.66000000
6264.65,6264.66,7259143860,10/31/2018 04:23:42,sell,0.00279628,6264.66000000
6264.65,6264.66,7259143862,10/31/2018 04:23:42,sell,0.00231000,6264.66000000
6264.65,6264.66,7259143864,10/31/2018 04:23:42,sell,0.02315000,6264.66000000
6264.65,6264.66,7259143866,10/31/2018 04:23:42,sell,0.00100000,6264.66000000
6264.65,6264.66,7259143868,10/31/2018 04:23:42,sell,0.00986866,6264.66000000
6264.65,6264.66,7259144643,10/31/2018 04:23:45,buy,0.01206128,6264.65000000
6264.65,6264.66,7259144645,10/31/2018 04:23:45,buy,0.08000000,6264.65000000
6264.65,6264.66,7259144647,10/31/2018 04:23:45,buy,0.00100000,6264.59000000
6264.65,6264.66,7259144649,10/31/2018 04:23:45,buy,0.00100000,6264.44000000
6264.65,6264.66,7259144651,10/31/2018 04:23:45,buy,0.00100000,6264.13000000
6264.05,6264.66,7259144653,10/31/2018 04:23:45,buy,0.00100000,6264.05000000
6264.05,6264.66,7259144655,10/31/2018 04:23:45,buy,0.10393872,6263.86000000
6263.86,6264.66,7259144905,10/31/2018 04:23:47,sell,0.01680119,6263.87000000
6263.86,6263.87,7259145013,10/31/2018 04:23:49,sell,0.01540824,6263.87000000
6263.86,6263.87,7259145252,10/31/2018 04:23:56,buy,0.31635734,6263.86000000
6263.86,6263.87,7259145334,10/31/2018 04:23:58,sell,0.01191545,6263.87000000
6263.86,6263.87,7259146159,10/31/2018 04:24:07,sell,0.00214608,6263.87000000
6263.86,6263.87,7259146799,10/31/2018 04:24:09,buy,0.01207694,6263.86000000
6263.86,6263.87,7259146840,10/31/2018 04:24:10,buy,0.00231000,6263.86000000
6263.86,6263.87,7259148379,10/31/2018 04:24:16,sell,0.00667335,6263.87000000
6263.86,6263.87,7259149123,10/31/2018 04:24:24,buy,0.56531700,6263.86000000
6263.86,6263.87,7259149125,10/31/2018 04:24:24,buy,0.00165884,6263.86000000
6263.86,6263.87,7259149127,10/31/2018 04:24:24,buy,0.06302411,6263.86000000
6263.86,6263.87,7259149406,10/31/2018 04:24:26,sell,0.00373460,6263.87000000
6263.86,6263.87,7259149441,10/31/2018 04:24:27,sell,0.00214608,6263.87000000
6263.86,6263.87,7259149607,10/31/2018 04:24:29,buy,0.01325784,6263.86000000
6263.86,6263.87,7259149906,10/31/2018 04:24:31,sell,0.01527516,6263.87000000
6263.86,6263.87,7259150112,10/31/2018 04:24:31,sell,0.06999986,6263.87000000
6263.86,6263.87,7259150172,10/31/2018 04:24:31,buy,0.00231000,6263.86000000
6263.86,6263.87,7259151895,10/31/2018 04:24:38,sell,0.01100682,6263.87000000
6263.86,6263.87,7259152673,10/31/2018 04:24:40,buy,0.14025509,6263.86000000
6263.86,6263.87,7259152675,10/31/2018 04:24:40,buy,0.02000000,6263.86000000
6263.86,6263.87,7259152677,10/31/2018 04:24:40,buy,0.00774491,6263.86000000
6263.86,6263.87,7259152820,10/31/2018 04:24:41,sell,0.00603794,6263.87000000
6263.86,6263.87,7259152889,10/31/2018 04:24:41,sell,0.03690757,6263.87000000
6263.86,6263.87,7259152891,10/31/2018 04:24:41,sell,0.01309243,6263.87000000
6263.86,6263.87,7259153940,10/31/2018 04:24:51,buy,0.00101000,6263.86000000
6263.86,6263.87,7259154524,10/31/2018 04:25:00,sell,0.00373460,6263.87000000
6263.86,6263.87,7259154528,10/31/2018 04:25:00,sell,0.00373460,6263.87000000
6263.86,6263.87,7259154638,10/31/2018 04:25:01,sell,0.01620444,6263.87000000
6263.86,6263.87,7259154718,10/31/2018 04:25:02,sell,0.03055190,6263.87000000
6263.86,6263.87,7259154782,10/31/2018 04:25:03,sell,0.07825976,6263.87000000
6263.86,6263.87,7259154958,10/31/2018 04:25:06,sell,0.11848571,6263.87000000
6263.86,6263.87,7259155187,10/31/2018 04:25:10,sell,0.00603794,6263.87000000
6263.86,6263.87,7259155442,10/31/2018 04:25:11,buy,0.00231000,6263.86000000
6263.86,6263.87,7259155473,10/31/2018 04:25:12,sell,0.00246323,6263.87000000
6263.86,6263.87,7259155794,10/31/2018 04:25:14,buy,0.23544249,6263.86000000
6263.86,6263.87,7259155844,10/31/2018 04:25:15,sell,0.15651952,6263.87000000
6263.86,6263.87,7259155910,10/31/2018 04:25:15,sell,0.01223315,6263.87000000
6263.86,6263.87,7259156353,10/31/2018 04:25:17,sell,0.00373460,6263.87000000
6263.86,6263.87,7259157974,10/31/2018 04:25:23,sell,0.01016823,6263.78000000
6263.77,6263.78,7259158331,10/31/2018 04:25:24,sell,0.02776697,6263.78000000
6263.77,6263.78,7259158333,10/31/2018 04:25:24,sell,0.04861308,6263.78000000
6263.77,6263.78,7259158391,10/31/2018 04:25:25,sell,0.00762657,6263.78000000
6263.77,6263.78,7259158431,10/31/2018 04:25:25,buy,0.09903487,6263.77000000
6263.77,6263.78,7259158726,10/31/2018 04:25:27,sell,0.01527516,6263.78000000
6263.77,6263.78,7259159274,10/31/2018 04:25:31,buy,0.00231000,6263.77000000
6263.77,6263.78,7259160483,10/31/2018 04:25:38,sell,0.00794416,6263.78000000
6263.77,6263.78,7259160606,10/31/2018 04:25:38,sell,0.01029011,6263.78000000
6263.77,6263.78,7259160608,10/31/2018 04:25:38,sell,0.00345868,6263.78000000
6263.77,6263.78,7259161094,10/31/2018 04:25:40,buy,0.03306678,6263.77000000
6263.77,6263.78,7259161250,10/31/2018 04:25:41,sell,0.00603803,6263.78000000
6263.77,6263.78,7259164327,10/31/2018 04:25:51,buy,0.00137000,6263.77000000
6263.77,6263.78,7259164565,10/31/2018 04:25:51,sell,0.01527538,6263.78000000
6263.77,6263.78,7259164604,10/31/2018 04:25:52,buy,0.15643623,6263.77000000
6263.77,6263.78,7259164731,10/31/2018 04:25:52,sell,0.01432462,6263.78000000
6263.77,6263.78,7259164733,10/31/2018 04:25:52,sell,0.00156075,6263.78000000
6263.77,6263.78,7259165725,10/31/2018 04:25:57,sell,0.01222062,6263.78000000
6263.77,6263.78,7259166897,10/31/2018 04:26:02,sell,0.00373465,6263.78000000
6263.77,6263.78,7259167221,10/31/2018 04:26:04,sell,0.00429064,6263.78000000
6263.77,6263.78,7259167833,10/31/2018 04:26:06,sell,0.00134334,6263.78000000
6263.77,6263.78,7259167835,10/31/2018 04:26:06,sell,0.00469469,6263.78000000
6263.77,6263.78,7259169428,10/31/2018 04:26:16,sell,0.01064479,6263.78000000
6263.77,6263.78,7259172358,10/31/2018 04:26:28,sell,0.01080718,6263.78000000
6263.77,6263.78,7259172360,10/31/2018 04:26:28,sell,0.01306839,6263.78000000
6263.77,6263.78,7259172586,10/31/2018 04:26:31,buy,0.00101000,6263.77000000
6263.77,6263.78,7259173654,10/31/2018 04:26:37,sell,0.01541040,6263.78000000
6263.77,6263.78,7259173660,10/31/2018 04:26:37,sell,0.00768582,6263.78000000
6263.77,6263.78,7259173662,10/31/2018 04:26:37,sell,0.01558767,6263.78000000
6263.77,6263.78,7259175718,10/31/2018 04:26:46,sell,0.00143127,6263.78000000
6263.77,6263.78,7259175877,10/31/2018 04:26:46,sell,0.00214611,6263.78000000
6263.77,6263.78,7259176493,10/31/2018 04:26:48,sell,0.00398495,6263.78000000
6263.77,6263.78,7259176495,10/31/2018 04:26:48,sell,0.01129043,6263.78000000
6263.77,6263.78,7259176583,10/31/2018 04:26:48,buy,0.09210000,6263.77000000
6263.77,6263.78,7259176616,10/31/2018 04:26:50,sell,0.00762657,6263.78000000
6263.77,6263.78,7259176621,10/31/2018 04:26:50,sell,0.00148466,6263.78000000
6263.77,6263.78,7259176623,10/31/2018 04:26:50,sell,0.00296483,6263.78000000
6263.77,6263.78,7259176728,10/31/2018 04:26:51,buy,0.07353644,6263.77000000
6263.77,6263.78,7259177179,10/31/2018 04:26:56,sell,0.01557756,6263.78000000
6263.77,6263.78,7259177181,10/31/2018 04:26:56,sell,0.01802954,6263.78000000
6263.77,6263.78,7259178042,10/31/2018 04:27:01,sell,0.00158854,6263.78000000
6263.77,6263.78,7259178232,10/31/2018 04:27:02,buy,0.01618625,6263.77000000
6263.77,6263.78,7259178325,10/31/2018 04:27:02,sell,0.00353192,6263.78000000
6263.77,6263.78,7259178327,10/31/2018 04:27:02,sell,0.00314153,6263.78000000
6263.77,6263.78,7259179182,10/31/2018 04:27:05,sell,0.00239177,6263.78000000
6263.77,6263.78,7259179184,10/31/2018 04:27:05,sell,0.01067078,6263.78000000
6263.77,6263.78,7259179186,10/31/2018 04:27:05,sell,0.02079552,6263.78000000
6263.77,6263.78,7259179188,10/31/2018 04:27:05,sell,0.04441234,6263.78000000
6263.77,6263.78,7259181070,10/31/2018 04:27:14,buy,0.17916546,6263.77000000
6263.77,6263.78,7259182493,10/31/2018 04:27:22,sell,0.01676737,6263.78000000
6263.77,6263.78,7259182495,10/31/2018 04:27:22,sell,0.02315000,6263.78000000
6263.77,6263.78,7259182497,10/31/2018 04:27:22,sell,0.17648072,6263.78000000
6263.77,6263.78,7259182909,10/31/2018 04:27:26,buy,0.30274257,6263.77000000
6263.77,6263.78,7259183047,10/31/2018 04:27:27,sell,0.00413179,6263.78000000
6263.77,6263.78,7259183168,10/31/2018 04:27:29,sell,0.00294038,6263.78000000
6263.77,6263.78,7259184518,10/31/2018 04:27:40,sell,0.00238281,6263.78000000
6263.77,6263.78,7259184669,10/31/2018 04:27:42,buy,0.00452721,6263.77000000
6263.77,6263.78,7259184713,10/31/2018 04:27:43,sell,0.01438456,6263.78000000
6263.77,6263.78,7259184715,10/31/2018 04:27:43,sell,0.01006588,6263.78000000
6263.77,6263.78,7259184717,10/31/2018 04:27:43,sell,0.02315000,6263.78000000
6263.77,6263.78,7259184719,10/31/2018 04:27:43,sell,0.20239956,6263.78000000
6263.77,6263.78,7259185047,10/31/2018 04:27:47,sell,0.15652177,6263.78000000
6263.77,6263.78,7259185244,10/31/2018 04:27:52,sell,0.03971661,6263.78000000
6263.77,6263.78,7259185336,10/31/2018 04:27:54,sell,0.01062024,6263.78000000
6263.77,6263.78,7259185452,10/31/2018 04:27:57,sell,0.03129578,6263.78000000
6263.77,6263.78,7259186382,10/31/2018 04:28:11,buy,0.00231000,6263.77000000
6263.77,6263.78,7259186389,10/31/2018 04:28:11,sell,0.00391257,6263.78000000
6263.77,6263.78,7259186401,10/31/2018 04:28:12,sell,0.03055234,6263.78000000
6263.77,6263.78,7259186727,10/31/2018 04:28:21,sell,0.02520532,6263.78000000
6263.77,6263.78,7259187046,10/31/2018 04:28:28,sell,0.04072780,6263.78000000
6263.77,6263.78,7259187073,10/31/2018 04:28:29,sell,0.01143906,6263.78000000
6263.77,6263.78,7259187078,10/31/2018 04:28:29,sell,0.03207892,6263.78000000
6263.77,6263.78,7259187241,10/31/2018 04:28:31,buy,0.00231000,6263.77000000
6263.77,6263.78,7259187541,10/31/2018 04:28:36,sell,0.03819003,6263.78000000
6263.77,6263.78,7259187575,10/31/2018 04:28:36,sell,0.02703849,6263.78000000
6263.77,6263.78,7259187625,10/31/2018 04:28:38,sell,0.01541040,6263.78000000
6263.77,6263.78,7259187648,10/31/2018 04:28:40,sell,0.01081935,6263.78000000
6263.77,6263.78,7259188141,10/31/2018 04:28:51,buy,0.00231000,6263.77000000
6263.77,6263.78,7259188204,10/31/2018 04:28:52,buy,0.01269000,6263.77000000
6263.77,6263.78,7259188206,10/31/2018 04:28:52,buy,0.68737269,6263.77000000
6263.77,6263.78,7259188213,10/31/2018 04:28:52,sell,0.00143127,6263.78000000
6263.77,6263.78,7259188289,10/31/2018 04:28:53,sell,0.00373465,6263.78000000
6263.77,6263.78,7259188296,10/31/2018 04:28:53,sell,0.02215057,6263.78000000
6263.77,6263.78,7259188455,10/31/2018 04:28:58,buy,0.14938469,6263.77000000
6263.77,6263.78,7259188472,10/31/2018 04:28:58,sell,0.00294038,6263.78000000
6263.77,6263.78,7259188525,10/31/2018 04:29:00,sell,0.00143127,6263.78000000
6263.77,6263.78,7259188569,10/31/2018 04:29:01,buy,0.00247094,6263.77000000
6263.77,6263.78,7259188621,10/31/2018 04:29:02,sell,0.00294038,6263.78000000
6263.77,6263.78,7259188824,10/31/2018 04:29:07,sell,0.01527538,6263.78000000
6263.77,6263.78,7259188904,10/31/2018 04:29:08,sell,0.00397293,6263.78000000
6263.77,6263.78,7259189112,10/31/2018 04:29:10,buy,0.01810000,6263.77000000
6263.77,6263.78,7259189229,10/31/2018 04:29:11,buy,0.00231000,6263.77000000
6263.77,6263.78,7259189389,10/31/2018 04:29:14,buy,0.03016309,6263.77000000
6263.77,6263.78,7259190536,10/31/2018 04:29:22,sell,0.00730886,6263.78000000
6263.77,6263.78,7259191350,10/31/2018 04:29:27,sell,0.00214611,6263.78000000
6263.77,6263.78,7259191481,10/31/2018 04:29:30,sell,0.00313101,6263.78000000
6263.77,6263.78,7259191488,10/31/2018 04:29:30,sell,0.00794269,6263.78000000
6263.77,6263.78,7259191525,10/31/2018 04:29:31,buy,0.00231000,6263.77000000
6263.77,6263.78,7259191648,10/31/2018 04:29:35,sell,0.07638005,6263.78000000
6263.77,6263.78,7259191922,10/31/2018 04:29:43,sell,0.03819003,6263.78000000
6263.77,6263.78,7259191942,10/31/2018 04:29:43,sell,0.02909106,6263.78000000
6263.77,6263.78,7259191962,10/31/2018 04:29:44,sell,0.00683230,6263.78000000
6263.77,6263.78,7259192013,10/31/2018 04:29:48,buy,0.02500000,6263.77000000
6263.77,6263.78,7259192081,10/31/2018 04:29:51,buy,0.00231000,6263.77000000
6263.77,6263.78,7259192089,10/31/2018 04:29:51,sell,0.01222062,6263.78000000
6263.77,6263.78,7259192133,10/31/2018 04:29:53,buy,0.49149441,6263.77000000
6263.77,6263.78,7259192146,10/31/2018 04:29:53,buy,0.11231536,6263.77000000
6263.77,6263.78,7259192254,10/31/2018 04:29:59,sell,0.02673350,6263.78000000
6263.77,6263.78,7259192280,10/31/2018 04:30:03,buy,0.00656000,6263.77000000
6263.77,6263.78,7259192320,10/31/2018 04:30:05,sell,0.00264537,6263.78000000
6263.77,6263.78,7259192394,10/31/2018 04:30:07,sell,0.01541040,6263.78000000
6263.77,6263.78,7259192496,10/31/2018 04:30:10,sell,0.03055234,6263.78000000
6263.77,6263.78,7259192505,10/31/2018 04:30:11,buy,0.00231000,6263.77000000
6263.77,6263.78,7259192539,10/31/2018 04:30:13,buy,0.05000000,6263.77000000
6263.77,6263.78,7259192750,10/31/2018 04:30:22,sell,0.01527538,6263.78000000
6263.77,6263.78,7259192791,10/31/2018 04:30:23,sell,0.00641466,6263.78000000
6263.77,6263.78,7259192815,10/31/2018 04:30:24,sell,0.75625900,6263.78000000
6263.77,6263.78,7259192833,10/31/2018 04:30:25,sell,0.03129578,6263.78000000
6263.77,6263.78,7259193019,10/31/2018 04:30:31,sell,0.03055234,6263.78000000
6263.77,6263.78,7259193027,10/31/2018 04:30:31,buy,0.00231000,6263.77000000
6263.77,6263.78,7259193220,10/31/2018 04:30:45,sell,0.05728425,6263.78000000
6263.77,6263.78,7259193309,10/31/2018 04:30:48,sell,0.10916712,6263.78000000
6263.77,6263.78,7259193311,10/31/2018 04:30:48,sell,0.01000000,6263.78000000
6263.77,6263.78,7259193313,10/31/2018 04:30:48,sell,0.02315000,6263.78000000
6263.77,6263.78,7259193315,10/31/2018 04:30:48,sell,0.13067369,6263.78000000
6263.77,6263.78,7259193329,10/31/2018 04:30:48,sell,0.50867276,6263.78000000
6263.77,6263.81,7259193331,10/31/2018 04:30:48,sell,0.18083251,6263.81000000
6263.77,6263.81,7259194672,10/31/2018 04:31:11,buy,0.00231000,6263.80000000
6263.8,6263.81,7259194986,10/31/2018 04:31:18,sell,0.01096244,6263.81000000
6263.8,6263.81,7259195142,10/31/2018 04:31:23,sell,0.00341693,6263.81000000
6263.8,6263.81,7259195311,10/31/2018 04:31:25,buy,0.00708637,6263.80000000
6263.8,6263.81,7259195457,10/31/2018 04:31:28,buy,0.02945055,6263.80000000
6263.8,6263.81,7259195483,10/31/2018 04:31:28,sell,0.05728397,6263.81000000
6263.8,6263.81,7259195626,10/31/2018 04:31:31,buy,0.00231000,6263.80000000
6263.8,6263.81,7259195724,10/31/2018 04:31:34,sell,0.00794424,6263.81000000
6263.8,6263.81,7259195799,10/31/2018 04:31:36,buy,0.95884308,6263.80000000
6263.8,6263.81,7259195801,10/31/2018 04:31:36,buy,0.05565692,6263.80000000
6263.8,6263.81,7259195838,10/31/2018 04:31:36,sell,0.01223327,6263.81000000
6263.8,6263.81,7259196149,10/31/2018 04:31:46,sell,0.01833163,6263.81000000
6263.8,6263.81,7259196367,10/31/2018 04:31:51,buy,0.00231000,6263.80000000
6263.8,6263.81,7259197848,10/31/2018 04:31:59,sell,0.01136050,6263.81000000
6263.8,6263.81,7259198021,10/31/2018 04:32:01,buy,0.12888447,6263.80000000
6263.8,6263.81,7259199370,10/31/2018 04:32:11,buy,0.00231000,6263.80000000
6263.8,6263.81,7259200991,10/31/2018 04:32:18,sell,0.00730883,6263.81000000
6263.8,6263.81,7259201266,10/31/2018 04:32:21,sell,0.00294037,6263.81000000
6263.8,6263.81,7259201309,10/31/2018 04:32:21,sell,0.10158330,6263.81000000
6263.8,6263.81,7259202289,10/31/2018 04:32:30,sell,0.31833946,6263.81000000
6263.8,6263.81,7259202344,10/31/2018 04:32:31,buy,0.00231000,6263.80000000
6263.8,6263.81,7259203531,10/31/2018 04:32:38,sell,0.01222056,6263.81000000
6263.8,6263.81,7259203803,10/31/2018 04:32:45,sell,0.11456795,6263.81000000
6263.8,6263.81,7259203987,10/31/2018 04:32:49,sell,0.00865607,6263.81000000
6263.8,6263.81,7259204208,10/31/2018 04:32:51,buy,0.00231000,6263.76000000
6263.76,6263.8,7259204211,10/31/2018 04:32:51,sell,0.00214610,6263.80000000
6263.76,6263.8,7259204703,10/31/2018 04:33:00,sell,0.00794425,6263.80000000
6263.79,6263.8,7259204856,10/31/2018 04:33:06,sell,0.01191399,6263.80000000
6263.79,6263.8,7259204963,10/31/2018 04:33:06,sell,0.03365141,6263.80000000
6263.79,6263.8,7259205160,10/31/2018 04:33:11,buy,0.00231000,6263.79000000
6263.79,6263.8,7259205206,10/31/2018 04:33:13,sell,0.00373464,6263.80000000
6263.79,6263.8,7259205365,10/31/2018 04:33:20,sell,0.00762653,6263.80000000
6263.79,6263.8,7259205651,10/31/2018 04:33:27,sell,0.01245091,6263.80000000
6263.79,6263.8,7259205693,10/31/2018 04:33:29,sell,0.00166955,6263.80000000
6263.79,6263.8,7259205698,10/31/2018 04:33:29,buy,0.02824751,6263.79000000
6263.79,6263.8,7259205716,10/31/2018 04:33:30,sell,0.00762654,6263.80000000
6263.79,6263.8,7259205760,10/31/2018 04:33:31,buy,0.00231000,6263.79000000
6263.79,6263.8,7259206050,10/31/2018 04:33:38,sell,0.07637981,6263.77000000
6263.76,6263.77,7259206130,10/31/2018 04:33:41,buy,0.00013900,6263.76000000
6263.74,6263.77,7259206132,10/31/2018 04:33:41,buy,0.00150000,6263.74000000
6263.74,6263.77,7259206134,10/31/2018 04:33:41,buy,0.00100000,6263.54000000
6263.74,6263.77,7259206136,10/31/2018 04:33:41,buy,0.00100000,6263.43000000
6263.74,6263.77,7259206138,10/31/2018 04:33:41,buy,0.00100000,6263.42000000
6262.96,6263.77,7259206140,10/31/2018 04:33:41,buy,0.01500000,6262.96000000
6262.8,6263.77,7259206142,10/31/2018 04:33:41,buy,0.02855000,6262.80000000
6262.8,6263.77,7259206144,10/31/2018 04:33:41,buy,0.01220198,6262.79000000
6262.79,6263.77,7259206518,10/31/2018 04:33:46,buy,0.00779802,6262.79000000
6262.79,6262.8,7259206520,10/31/2018 04:33:46,buy,0.02000000,6262.79000000
6262.79,6262.8,7259206522,10/31/2018 04:33:46,buy,0.01000000,6262.79000000
6262.79,6262.8,7259206524,10/31/2018 04:33:46,buy,0.00241831,6262.79000000
6262.79,6262.8,7259206526,10/31/2018 04:33:46,buy,0.01500000,6262.79000000
6262.79,6262.8,7259206528,10/31/2018 04:33:46,buy,0.06038367,6262.77000000
6262.77,6262.8,7259206776,10/31/2018 04:33:49,buy,0.78810413,6262.76000000
6262.76,6262.77,7259206809,10/31/2018 04:33:51,buy,0.00231000,6262.76000000
6262.76,6262.77,7259206948,10/31/2018 04:33:55,sell,0.01680349,6262.77000000
6262.76,6262.77,7259207272,10/31/2018 04:34:04,sell,0.00762780,6262.77000000
6262.76,6262.77,7259207289,10/31/2018 04:34:04,sell,0.00397198,6262.77000000
6262.76,6262.77,7259207515,10/31/2018 04:34:07,sell,0.01825975,6262.77000000
6262.76,6262.77,7259207517,10/31/2018 04:34:07,sell,0.02146009,6262.77000000
6262.76,6262.77,7259207700,10/31/2018 04:34:12,sell,0.00710508,6262.77000000
6262.76,6262.77,7259207721,10/31/2018 04:34:13,sell,0.00683340,6262.77000000
6262.76,6262.77,7259207748,10/31/2018 04:34:14,buy,0.20958587,6262.76000000
6262.76,6262.77,7259207750,10/31/2018 04:34:14,buy,0.01500000,6262.76000000
6262.76,6262.77,7259207752,10/31/2018 04:34:14,buy,0.08200000,6262.08000000
6262.76,6262.77,7259207754,10/31/2018 04:34:14,buy,0.29615864,6262.07000000
6262.76,6262.77,7259207757,10/31/2018 04:34:14,buy,0.00159599,6262.07000000
6262.07,6262.77,7259207938,10/31/2018 04:34:15,buy,0.03610719,6262.07000000
6262.07,6262.08,7259207964,10/31/2018 04:34:16,sell,0.01938487,6262.08000000
6262.07,6262.08,7259208301,10/31/2018 04:34:22,sell,0.01191558,6262.08000000
6262.07,6262.08,7259208365,10/31/2018 04:34:26,sell,0.01048763,6262.08000000
6262.07,6262.08,7259208462,10/31/2018 04:34:28,buy,0.50000000,6262.07000000
6262.07,6262.08,7259208511,10/31/2018 04:34:29,sell,0.00397271,6262.08000000
6262.07,6262.08,7259208513,10/31/2018 04:34:29,sell,0.00365593,6262.08000000
6262.07,6262.08,7259208541,10/31/2018 04:34:31,buy,0.00231000,6262.07000000
6262.07,6262.08,7259208976,10/31/2018 04:34:39,sell,0.00152009,6262.08000000
6262.07,6262.08,7259209193,10/31/2018 04:34:44,buy,0.01517300,6262.07000000
6262.07,6262.08,7259209335,10/31/2018 04:34:46,sell,0.02315000,6262.08000000
6262.07,6262.08,7259209337,10/31/2018 04:34:46,sell,0.02329873,6262.08000000
6262.07,6262.08,7259209339,10/31/2018 04:34:46,sell,0.00244900,6262.09000000
6262.07,6262.08,7259209341,10/31/2018 04:34:46,sell,0.00100000,6262.79000000
6262.07,6262.8,7259209343,10/31/2018 04:34:46,sell,0.00489944,6262.80000000
6262.07,6262.8,7259209403,10/31/2018 04:34:46,sell,0.02807289,6262.80000000
6262.07,6262.8,7259209405,10/31/2018 04:34:46,sell,0.07192711,6262.80000000
6262.79,6262.8,7259209609,10/31/2018 04:34:48,buy,0.05055563,6262.79000000
6262.79,6262.8,7259210035,10/31/2018 04:34:53,sell,0.00143150,6262.80000000
6262.79,6262.8,7259210180,10/31/2018 04:34:54,sell,0.00357636,6262.80000000
6262.79,6262.8,7259210223,10/31/2018 04:34:57,sell,0.01558937,6262.80000000
6262.79,6262.8,7259210316,10/31/2018 04:35:02,buy,0.01295508,6262.79000000
6262.79,6262.8,7259210739,10/31/2018 04:35:03,sell,0.00603898,6262.80000000
6262.79,6262.8,7259210877,10/31/2018 04:35:05,sell,0.01604197,6262.80000000
6262.79,6262.8,7259211435,10/31/2018 04:35:08,sell,0.09166977,6262.80000000
6262.79,6262.8,7259211861,10/31/2018 04:35:10,sell,0.00826196,6262.80000000
6262.79,6262.8,7259211901,10/31/2018 04:35:11,sell,0.00127262,6262.80000000
6262.79,6262.8,7259211966,10/31/2018 04:35:11,buy,0.00204492,6262.79000000
6262.79,6262.8,7259211968,10/31/2018 04:35:11,buy,0.00026508,6262.79000000
6262.79,6262.8,7259212054,10/31/2018 04:35:13,sell,0.01222253,6262.80000000
6262.79,6262.8,7259212143,10/31/2018 04:35:15,sell,0.00762776,6262.80000000
6262.79,6262.8,7259212269,10/31/2018 04:35:20,sell,0.00562209,6262.80000000
6262.79,6262.8,7259212282,10/31/2018 04:35:21,sell,0.02780375,6262.80000000
6262.79,6262.8,7259212293,10/31/2018 04:35:22,sell,0.00143150,6262.80000000
6262.79,6262.8,7259212310,10/31/2018 04:35:24,buy,0.20540398,6262.79000000
6262.79,6262.8,7259212354,10/31/2018 04:35:24,sell,0.00143150,6262.80000000
6262.79,6262.8,7259212572,10/31/2018 04:35:31,buy,0.00231000,6262.79000000
6262.79,6262.8,7259214194,10/31/2018 04:35:38,sell,0.04597834,6262.80000000
6262.79,6262.8,7259214196,10/31/2018 04:35:38,sell,0.02315000,6262.80000000
6262.79,6262.8,7259214198,10/31/2018 04:35:38,sell,0.02479910,6262.80000000
6262.79,6262.8,7259214242,10/31/2018 04:35:39,sell,0.00143150,6262.80000000
6262.79,6262.8,7259214525,10/31/2018 04:35:46,buy,0.01243695,6262.79000000
6262.79,6262.8,7259214527,10/31/2018 04:35:46,buy,0.04461695,6262.79000000
6262.79,6262.8,7259214571,10/31/2018 04:35:47,buy,0.07167804,6262.79000000
6262.79,6262.8,7259214631,10/31/2018 04:35:48,sell,0.02058054,6262.80000000
6262.79,6262.8,7259214633,10/31/2018 04:35:48,sell,0.05769259,6262.80000000
6262.79,6262.8,7259215466,10/31/2018 04:35:53,sell,0.00715113,6263.20000000
6263.19,6263.2,7259215667,10/31/2018 04:35:55,sell,0.15277267,6263.20000000
6263.19,6263.2,7259216076,10/31/2018 04:36:03,sell,0.04775557,6263.20000000
6263.19,6263.2,7259216110,10/31/2018 04:36:05,sell,0.00357613,6263.20000000
6263.19,6263.2,7259216121,10/31/2018 04:36:06,buy,0.17400000,6263.19000000
6263.19,6263.2,7259216228,10/31/2018 04:36:08,sell,0.00143140,6263.20000000
6263.19,6263.2,7259216404,10/31/2018 04:36:11,buy,0.00231000,6263.19000000
6263.19,6263.2,7259216508,10/31/2018 04:36:17,sell,0.00294066,6263.20000000
6263.19,6263.2,7259216917,10/31/2018 04:36:27,buy,0.07880977,6263.19000000
6263.19,6263.2,7259216928,10/31/2018 04:36:27,sell,0.00492810,6263.20000000
6263.19,6263.2,7259216999,10/31/2018 04:36:31,buy,0.00182000,6263.19000000
6263.19,6263.2,7259217027,10/31/2018 04:36:32,sell,0.25045770,6263.20000000
6263.19,6263.2,7259217058,10/31/2018 04:36:33,sell,0.00317737,6263.20000000
6263.19,6263.2,7259217114,10/31/2018 04:36:36,buy,0.03995726,6263.19000000
6263.19,6263.2,7259217132,10/31/2018 04:36:36,sell,0.00143140,6263.20000000
6263.19,6263.2,7259217325,10/31/2018 04:36:41,sell,0.00907683,6263.20000000
6263.19,6263.2,7259217331,10/31/2018 04:36:42,sell,0.01407317,6263.20000000
6263.19,6263.23,7259217333,10/31/2018 04:36:42,sell,0.00100000,6263.23000000
6263.19,6263.23,7259217335,10/31/2018 04:36:42,sell,0.01817948,6263.99000000
6263.19,6263.23,7259217337,10/31/2018 04:36:42,sell,0.00341260,6264.36000000
6263.19,6264.36,7259219270,10/31/2018 04:36:50,sell,0.01527679,6264.37000000
6264.36,6264.37,7259219325,10/31/2018 04:36:53,sell,0.00294066,6264.37000000
6264.36,6264.37,7259219375,10/31/2018 04:36:54,sell,0.06717927,6264.37000000
6264.36,6264.37,7259219430,10/31/2018 04:36:55,sell,0.00762727,6264.37000000
6264.36,6264.37,7259220544,10/31/2018 04:37:10,sell,0.03497601,6264.37000000
6264.36,6264.37,7259220546,10/31/2018 04:37:10,sell,0.00257051,6264.37000000
6264.36,6264.37,7259220548,10/31/2018 04:37:10,sell,0.01485465,6264.37000000
6264.36,6264.37,7259221280,10/31/2018 04:37:16,sell,0.01080263,6264.37000000
6264.36,6264.37,7259222518,10/31/2018 04:37:31,buy,0.00123000,6264.36000000
6264.36,6264.37,7259222634,10/31/2018 04:37:34,sell,0.01937992,6264.37000000
6264.36,6264.37,7259222658,10/31/2018 04:37:35,sell,0.03912676,6264.37000000
6264.36,6264.37,7259222778,10/31/2018 04:37:36,sell,0.00389314,6264.37000000
6264.36,6264.37,7259222808,10/31/2018 04:37:40,sell,0.06360018,6264.37000000
6264.36,6264.37,7259222810,10/31/2018 04:37:40,sell,0.01277268,6264.37000000
6264.36,6264.37,7259222958,10/31/2018 04:37:44,sell,0.01037732,6264.37000000
6264.36,6264.71,7259222960,10/31/2018 04:37:44,sell,0.15962431,6264.71000000
6264.36,6264.71,7259222962,10/31/2018 04:37:44,sell,0.00100000,6264.81000000
6264.36,6264.71,7259222964,10/31/2018 04:37:44,sell,0.00100000,6265.06000000
6264.36,6264.71,7259222966,10/31/2018 04:37:44,sell,0.23299837,6265.49000000
6264.36,6265.49,7259223494,10/31/2018 04:37:46,sell,0.03176825,6265.47000000
6264.45,6265.47,7259223836,10/31/2018 04:37:47,buy,0.03790000,6264.63000000
6264.63,6265.41,7259224475,10/31/2018 04:38:00,sell,0.09164182,6264.71000000
6264.7,6264.71,7259224663,10/31/2018 04:38:01,buy,0.00200063,6264.70000000
6264.7,6264.71,7259224668,10/31/2018 04:38:02,sell,0.00371446,6264.71000000
6264.7,6264.71,7259224733,10/31/2018 04:38:03,sell,0.01725848,6264.71000000
6264.7,6264.71,7259224807,10/31/2018 04:38:11,buy,0.00231000,6264.70000000
6264.7,6264.71,7259224811,10/31/2018 04:38:12,buy,0.08460000,6264.70000000
6264.7,6264.71,7259224840,10/31/2018 04:38:13,sell,0.01081774,6264.71000000
6264.7,6264.71,7259225178,10/31/2018 04:38:18,buy,0.32572398,6264.70000000
6264.7,6264.71,7259225214,10/31/2018 04:38:18,sell,0.00150253,6264.71000000
6264.7,6264.71,7259225217,10/31/2018 04:38:18,sell,0.00762544,6264.71000000
6264.7,6264.71,7259226754,10/31/2018 04:38:31,buy,0.00100000,6264.37000000
6264.37,6264.38,7259226756,10/31/2018 04:38:31,buy,0.00131000,6264.37000000
6264.37,6264.38,7259226813,10/31/2018 04:38:32,buy,0.00276896,6264.37000000
6264.37,6264.38,7259226863,10/31/2018 04:38:33,sell,0.03205193,6264.38000000
6264.37,6264.38,7259227100,10/31/2018 04:38:38,sell,0.01573213,6264.38000000
6264.37,6264.38,7259228156,10/31/2018 04:38:45,sell,0.00309894,6264.37000000
6264.36,6264.37,7259229444,10/31/2018 04:38:49,sell,0.00389313,6264.37000000
6264.36,6264.37,7259229468,10/31/2018 04:38:50,sell,0.01540893,6264.37000000
6264.36,6264.37,7259229791,10/31/2018 04:38:51,buy,0.00231000,6264.36000000
6264.36,6264.37,7259229884,10/31/2018 04:38:53,sell,0.00166939,6264.37000000
6264.36,6264.37,7259230148,10/31/2018 04:38:54,sell,0.12900000,6264.37000000
6264.36,6264.37,7259230150,10/31/2018 04:38:54,sell,0.02315000,6264.37000000
6264.36,6264.37,7259230152,10/31/2018 04:38:54,sell,0.01605854,6264.37000000
6264.36,6264.37,7259230154,10/31/2018 04:38:54,sell,0.00362774,6264.37000000
6264.36,6264.37,7259230177,10/31/2018 04:38:54,buy,0.00100000,6264.37000000
6264.36,6264.37,7259230445,10/31/2018 04:38:55,sell,0.01243695,6264.38000000
6264.37,6264.81,7259230447,10/31/2018 04:38:55,sell,0.00100000,6264.81000000
6264.37,6264.81,7259230449,10/31/2018 04:38:55,sell,0.04002342,6265.00000000
6264.37,6265,7259230620,10/31/2018 04:38:56,sell,0.01374750,6265.00000000
6264.99,6265,7259232814,10/31/2018 04:39:05,sell,0.01418505,6264.89000000
6264.88,6264.89,7259232816,10/31/2018 04:39:05,sell,0.01254371,6264.89000000
6264.88,6264.89,7259234008,10/31/2018 04:39:10,sell,0.00136114,6264.89000000
6264.88,6264.89,7259235210,10/31/2018 04:39:17,sell,0.01374636,6264.89000000
6264.88,6264.89,7259235681,10/31/2018 04:39:19,buy,0.00100000,6264.88000000
6264.88,6264.89,7259235683,10/31/2018 04:39:19,buy,0.01243599,6264.88000000
6264.88,6264.89,7259235685,10/31/2018 04:39:19,buy,0.00100000,6264.88000000
6264.88,6264.89,7259235687,10/31/2018 04:39:19,buy,0.01500000,6264.88000000
6264.88,6264.89,7259235689,10/31/2018 04:39:19,buy,0.02671483,6264.88000000
6264.88,6264.89,7259235971,10/31/2018 04:39:23,sell,0.00373399,6264.89000000
6264.88,6264.89,7259236115,10/31/2018 04:39:27,sell,0.00761480,6264.89000000
6264.88,6264.89,7259236117,10/31/2018 04:39:27,sell,0.00032714,6264.89000000
6264.88,6264.89,7259236124,10/31/2018 04:39:27,sell,0.01220298,6264.89000000
6264.88,6264.89,7259236126,10/31/2018 04:39:27,sell,0.02315000,6264.89000000
6264.88,6264.89,7259236128,10/31/2018 04:39:27,sell,0.04101354,6264.89000000
6264.88,6264.89,7259236304,10/31/2018 04:39:28,sell,0.15649403,6264.89000000
6264.88,6264.89,7259237545,10/31/2018 04:39:38,buy,0.10868780,6264.88000000
6264.88,6264.89,7259237666,10/31/2018 04:39:42,buy,0.00136359,6264.88000000
6264.88,6264.89,7259237830,10/31/2018 04:39:47,buy,0.00536131,6264.88000000
6264.88,6264.89,7259238039,10/31/2018 04:39:50,buy,0.00320844,6264.88000000
6264.88,6264.89,7259238066,10/31/2018 04:39:50,sell,0.00603696,6264.89000000
6264.88,6264.89,7259238108,10/31/2018 04:39:51,buy,0.00231000,6264.88000000
6264.88,6264.89,7259238254,10/31/2018 04:39:54,sell,0.01445472,6264.89000000
6264.88,6264.89,7259238293,10/31/2018 04:39:55,sell,0.00762522,6264.89000000
6264.88,6264.89,7259238318,10/31/2018 04:39:56,sell,0.00373399,6264.89000000
6264.88,6264.89,7259239282,10/31/2018 04:40:04,sell,0.00762522,6264.89000000
6264.88,6264.89,7259240393,10/31/2018 04:40:07,sell,0.00810169,6264.89000000
6264.88,6264.89,7259241235,10/31/2018 04:40:11,buy,0.00231000,6264.88000000
6264.88,6264.89,7259242046,10/31/2018 04:40:14,buy,0.01269000,6264.88000000
6264.88,6264.89,7259242048,10/31/2018 04:40:14,buy,0.08661000,6264.88000000
6264.88,6264.89,7259242561,10/31/2018 04:40:16,sell,0.03442220,6264.89000000
6264.88,6264.89,7259242563,10/31/2018 04:40:16,sell,0.02315000,6264.89000000
6264.88,6264.89,7259242565,10/31/2018 04:40:16,sell,0.02000000,6264.89000000
6264.88,6264.89,7259242567,10/31/2018 04:40:16,sell,0.00100000,6265.26000000
6264.88,6264.89,7259242569,10/31/2018 04:40:16,sell,0.00100000,6265.45000000
6264.88,6264.89,7259242571,10/31/2018 04:40:16,sell,0.01106827,6265.64000000
6264.88,6264.89,7259242573,10/31/2018 04:40:16,sell,0.03359000,6265.88000000
6264.88,6265.89,7259242575,10/31/2018 04:40:16,sell,0.00100000,6265.89000000
6264.88,6265.89,7259242577,10/31/2018 04:40:16,sell,0.00100000,6266.14000000
6264.88,6266.28,7259242579,10/31/2018 04:40:16,sell,0.26690258,6266.28000000
6264.88,6266.28,7259243803,10/31/2018 04:40:20,buy,0.00100000,6264.81000000
6264.88,6266.28,7259243805,10/31/2018 04:40:20,buy,0.01500000,6264.42000000
6264.88,6266.28,7259243807,10/31/2018 04:40:20,buy,0.04175195,6264.41000000
6264.88,6266.28,7259243810,10/31/2018 04:40:20,sell,0.08171100,6265.93000000
6264.41,6264.42,7259244066,10/31/2018 04:40:21,sell,0.01243599,6264.42000000
6264.41,6264.42,7259244068,10/31/2018 04:40:21,sell,0.06315070,6264.42000000
6264.41,6264.42,7259244071,10/31/2018 04:40:21,sell,0.00357516,6264.42000000
6264.41,6264.42,7259244166,10/31/2018 04:40:21,sell,0.00158826,6264.42000000
6264.41,6264.42,7259244254,10/31/2018 04:40:22,sell,0.00394205,6264.42000000
6264.41,6264.42,7259245024,10/31/2018 04:40:31,sell,0.00826114,6264.42000000
6264.41,6264.42,7259245369,10/31/2018 04:40:37,sell,0.00905465,6264.42000000
6264.41,6264.42,7259246317,10/31/2018 04:40:42,sell,0.00325776,6264.42000000
6264.41,6264.42,7259247230,10/31/2018 04:40:46,sell,0.00905533,6264.42000000
6264.41,6264.42,7259248286,10/31/2018 04:40:51,buy,0.00231000,6264.41000000
6264.41,6264.42,7259248873,10/31/2018 04:40:59,sell,0.01832985,6264.42000000
6264.41,6264.42,7259248988,10/31/2018 04:41:03,sell,0.00482015,6264.42000000
6264.41,6264.42,7259248990,10/31/2018 04:41:03,sell,0.00100000,6264.42000000
6264.41,6264.42,7259248992,10/31/2018 04:41:03,sell,0.00868966,6264.42000000
6264.41,6264.42,7259249638,10/31/2018 04:41:05,buy,0.01243366,6265.25000000
6265.25,6265.26,7259249640,10/31/2018 04:41:05,buy,0.36046483,6265.25000000
6265.25,6265.26,7259250779,10/31/2018 04:41:09,buy,0.00100000,6264.59000000
6265.25,6265.26,7259250781,10/31/2018 04:41:09,buy,0.38001384,6264.58000000
6264.58,6265.13,7259250902,10/31/2018 04:41:09,sell,0.00810230,6265.12000000
6264.59,6265.12,7259251316,10/31/2018 04:41:11,buy,0.00100000,6264.72000000
6264.71,6265.1,7259251318,10/31/2018 04:41:11,buy,0.02215000,6264.71000000
6264.73,6265.1,7259252839,10/31/2018 04:41:15,sell,0.00100000,6265.25000000
6264.73,6265.1,7259252841,10/31/2018 04:41:15,sell,0.00100000,6265.26000000
6264.73,6265.1,7259252843,10/31/2018 04:41:15,sell,0.00100000,6265.26000000
6264.73,6265.1,7259252845,10/31/2018 04:41:15,sell,0.00094223,6266.07000000
6264.69,6266.07,7259252870,10/31/2018 04:41:15,buy,0.09970000,6266.06000000
6264.69,6266.07,7259252872,10/31/2018 04:41:15,buy,0.00030000,6266.06000000
6266.06,6266.07,7259253854,10/31/2018 04:41:29,sell,0.01111988,6266.07000000
6266.06,6266.07,7259254113,10/31/2018 04:41:37,sell,0.01591123,6266.07000000
6266.06,6266.07,7259254258,10/31/2018 04:41:41,buy,0.00210000,6266.06000000
6266.06,6266.07,7259254265,10/31/2018 04:41:41,buy,0.06390986,6266.06000000
6266.06,6266.07,7259254281,10/31/2018 04:41:42,buy,0.03399014,6266.06000000
6266.06,6266.07,7259254283,10/31/2018 04:41:42,buy,0.00100000,6266.06000000
6266.06,6266.07,7259254285,10/31/2018 04:41:42,buy,0.00100000,6266.06000000
6266.06,6266.07,7259254287,10/31/2018 04:41:42,buy,0.00100000,6264.81000000
6266.06,6266.07,7259254289,10/31/2018 04:41:42,buy,0.01600000,6264.70000000
6266.06,6266.07,7259254291,10/31/2018 04:41:42,buy,0.05688021,6264.42000000
6264.42,6266.07,7259254437,10/31/2018 04:41:42,sell,0.01540883,6266.01000000
6264.43,6266.01,7259254614,10/31/2018 04:41:43,sell,0.00138152,6265.96000000
6264.46,6265.96,7259255248,10/31/2018 04:41:45,buy,0.01500000,6264.53000000
6264.46,6265.96,7259255250,10/31/2018 04:41:45,buy,0.03575403,6264.41000000
6264.46,6265.96,7259255252,10/31/2018 04:41:45,buy,0.00190980,6264.41000000
6264.46,6265.96,7259255254,10/31/2018 04:41:45,buy,0.01242332,6264.36000000
6264.46,6265.96,7259255256,10/31/2018 04:41:45,buy,0.01000000,6264.13000000
6264.46,6265.96,7259255258,10/31/2018 04:41:45,buy,0.00100000,6264.07000000
6264.46,6265.96,7259255260,10/31/2018 04:41:45,buy,0.06325774,6263.58000000
6263.58,6265.69,7259256666,10/31/2018 04:41:51,buy,0.00100000,6265.15000000
6265.15,6265.16,7259256668,10/31/2018 04:41:51,buy,0.00131000,6265.15000000
6265.15,6265.16,7259257224,10/31/2018 04:41:58,sell,0.03436361,6265.16000000
6265.15,6265.16,7259257265,10/31/2018 04:41:58,sell,0.00930702,6265.16000000
6265.15,6265.16,7259257355,10/31/2018 04:42:00,sell,0.00313826,6265.16000000
6265.15,6265.16,7259258722,10/31/2018 04:42:11,buy,0.00231000,6264.39000000
6264.39,6265.12,7259259446,10/31/2018 04:42:14,sell,0.00362426,6264.59000000
6264.58,6264.59,7259259449,10/31/2018 04:42:14,sell,0.00762492,6264.59000000
6264.58,6264.59,7259259464,10/31/2018 04:42:15,sell,0.07575082,6264.59000000
6264.58,6264.59,7259259466,10/31/2018 04:42:15,sell,0.00130010,6264.59000000
6264.58,6264.59,7259259926,10/31/2018 04:42:31,buy,0.00231000,6264.58000000
6264.58,6264.59,7259260445,10/31/2018 04:42:37,sell,0.00373417,6264.59000000
6264.58,6264.59,7259260513,10/31/2018 04:42:38,buy,0.14627057,6264.58000000
6264.58,6264.59,7259260515,10/31/2018 04:42:38,buy,0.08000000,6264.58000000
6264.58,6264.59,7259260517,10/31/2018 04:42:38,buy,0.35122406,6264.58000000
6264.58,6264.59,7259260523,10/31/2018 04:42:38,buy,0.18340000,6264.58000000
6264.58,6264.59,7259261166,10/31/2018 04:42:41,sell,0.13364702,6263.97000000
6263.96,6263.97,7259262117,10/31/2018 04:42:50,buy,0.00231000,6263.96000000
6263.96,6263.97,7259262177,10/31/2018 04:42:51,buy,0.01369000,6263.96000000
6263.96,6263.97,7259262179,10/31/2018 04:42:51,buy,0.01500000,6263.96000000
6263.96,6263.97,7259262181,10/31/2018 04:42:51,buy,0.09386550,6263.96000000
6263.96,6263.97,7259262263,10/31/2018 04:42:51,sell,0.00379490,6263.78000000
6263.77,6263.78,7259263272,10/31/2018 04:42:55,sell,0.00143123,6263.78000000
6263.77,6263.78,7259263661,10/31/2018 04:42:57,buy,0.10000000,6263.77000000
6263.77,6263.78,7259263663,10/31/2018 04:42:57,buy,0.01500000,6263.77000000
6263.76,6263.78,7259263665,10/31/2018 04:42:57,buy,0.00100000,6263.76000000
6263.76,6263.78,7259263667,10/31/2018 04:42:57,buy,0.00100000,6263.52000000
6263.76,6263.78,7259263669,10/31/2018 04:42:57,buy,0.00100000,6263.46000000
6263.76,6263.78,7259263671,10/31/2018 04:42:57,buy,0.20134801,6263.37000000
6263.37,6263.78,7259264512,10/31/2018 04:43:01,sell,0.00762634,6263.38000000
6263.37,6263.38,7259264823,10/31/2018 04:43:09,sell,0.00237366,6263.38000000
6263.37,6263.38,7259264825,10/31/2018 04:43:09,sell,0.00525340,6263.38000000
6263.37,6263.38,7259264882,10/31/2018 04:43:11,buy,0.00231000,6263.37000000
6263.37,6263.38,7259265310,10/31/2018 04:43:14,sell,0.01243366,6263.38000000
6263.37,6263.38,7259265312,10/31/2018 04:43:14,sell,0.00100000,6263.38000000
6263.37,6263.38,7259265314,10/31/2018 04:43:14,sell,0.02315000,6263.38000000
6263.37,6263.38,7259265316,10/31/2018 04:43:14,sell,0.00160521,6263.38000000
6263.37,6263.38,7259265578,10/31/2018 04:43:22,sell,0.00122166,6263.38000000
6263.37,6263.38,7259265653,10/31/2018 04:43:26,sell,0.03055429,6263.38000000
6263.37,6263.38,7259265776,10/31/2018 04:43:35,sell,0.00289768,6263.38000000
6263.37,6263.38,7259265873,10/31/2018 04:43:43,sell,0.00444978,6263.38000000
6263.37,6263.38,7259266040,10/31/2018 04:43:51,buy,0.00231000,6263.37000000
6263.37,6263.38,7259266218,10/31/2018 04:43:52,sell,0.01143979,6263.38000000
6263.37,6263.38,7259266542,10/31/2018 04:43:55,buy,0.00778162,6263.37000000
6263.37,6263.38,7259268922,10/31/2018 04:44:08,sell,0.01171021,6263.38000000
6263.37,6263.38,7259268924,10/31/2018 04:44:08,sell,0.00112865,6263.38000000
6263.37,6263.38,7259268926,10/31/2018 04:44:08,sell,0.13992487,6263.38000000
6263.37,6263.38,7259268997,10/31/2018 04:44:10,sell,0.11739882,6263.38000000
6263.37,6263.38,7259269062,10/31/2018 04:44:11,sell,0.00831310,6263.38000000
6263.37,6263.38,7259269065,10/31/2018 04:44:11,sell,0.00789152,6263.38000000
6263.37,6263.38,7259269081,10/31/2018 04:44:12,sell,0.02732618,6263.38000000
6263.37,6263.38,7259269334,10/31/2018 04:44:16,sell,0.00373489,6263.38000000
6263.37,6263.38,7259269520,10/31/2018 04:44:20,sell,0.00626511,6263.38000000
6263.37,6263.38,7259269522,10/31/2018 04:44:20,sell,0.00136195,6263.38000000
6263.37,6263.38,7259269559,10/31/2018 04:44:21,sell,0.02291453,6263.38000000
6263.37,6263.38,7259269840,10/31/2018 04:44:29,sell,0.00122166,6263.38000000
6263.37,6263.38,7259269887,10/31/2018 04:44:32,buy,0.00231000,6263.37000000
6263.37,6263.38,7259269932,10/31/2018 04:44:34,sell,0.03819247,6263.38000000
6263.37,6263.38,7259270137,10/31/2018 04:44:41,buy,0.00278741,6263.37000000
6263.37,6263.38,7259270139,10/31/2018 04:44:41,buy,0.02256539,6263.37000000
6263.37,6263.38,7259270159,10/31/2018 04:44:42,buy,0.01444147,6263.37000000
6263.37,6263.38,7259270520,10/31/2018 04:44:51,buy,0.00231000,6263.37000000
6263.37,6263.38,7259270901,10/31/2018 04:45:00,sell,0.02795687,6263.38000000
6263.37,6263.38,7259270920,10/31/2018 04:45:01,sell,0.01623085,6263.38000000
6263.37,6263.38,7259271019,10/31/2018 04:45:04,sell,0.01527635,6263.38000000
6263.37,6263.38,7259271040,10/31/2018 04:45:05,buy,0.01050858,6263.37000000
6263.37,6263.38,7259271214,10/31/2018 04:45:08,buy,0.00218142,6263.37000000
6263.37,6263.38,7259271216,10/31/2018 04:45:08,buy,0.02821858,6263.37000000
6263.37,6263.38,7259271255,10/31/2018 04:45:10,sell,0.00166966,6263.38000000
6263.37,6263.38,7259271292,10/31/2018 04:45:11,buy,0.00231000,6263.37000000
6263.37,6263.38,7259271324,10/31/2018 04:45:12,sell,0.00794319,6263.38000000
6263.37,6263.38,7259271358,10/31/2018 04:45:15,sell,0.08452671,6263.38000000
6263.37,6263.38,7259271472,10/31/2018 04:45:20,sell,0.00167760,6263.38000000
6263.37,6263.38,7259271543,10/31/2018 04:45:24,sell,0.02291453,6263.38000000
6263.37,6263.38,7259271636,10/31/2018 04:45:28,buy,1.10802142,6263.37000000
6263.37,6263.38,7259271638,10/31/2018 04:45:28,buy,0.00159658,6263.37000000
6263.37,6263.38,7259271640,10/31/2018 04:45:28,buy,0.05806200,6263.37000000
6263.37,6263.38,7259272446,10/31/2018 04:45:31,buy,0.00231000,6263.37000000
6263.37,6263.38,7259272520,10/31/2018 04:45:31,sell,0.00317728,6263.38000000
6263.37,6263.38,7259273630,10/31/2018 04:45:35,buy,0.01269000,6263.37000000
6263.37,6263.38,7259273632,10/31/2018 04:45:35,buy,0.06712479,6263.37000000
6263.37,6263.38,7259273764,10/31/2018 04:45:36,sell,0.00262284,6263.38000000
6263.37,6263.38,7259273778,10/31/2018 04:45:36,buy,0.08000000,6263.37000000
6263.37,6263.38,7259274591,10/31/2018 04:45:39,sell,0.00110644,6263.34000000
6263.33,6263.34,7259274953,10/31/2018 04:45:41,sell,0.01573547,6263.34000000
6263.33,6263.34,7259275334,10/31/2018 04:45:43,sell,0.00400000,6263.34000000
6263.33,6263.34,7259275424,10/31/2018 04:45:46,sell,0.00585735,6263.34000000
6263.33,6263.34,7259275565,10/31/2018 04:45:48,sell,0.00289770,6263.34000000
6263.33,6263.34,7259275580,10/31/2018 04:45:49,sell,0.58333892,6263.34000000
6263.33,6263.34,7259275626,10/31/2018 04:45:49,sell,0.00343784,6263.34000000
6263.33,6263.34,7259275928,10/31/2018 04:45:51,sell,0.03913294,6263.34000000
6263.33,6263.34,7259275950,10/31/2018 04:45:51,buy,0.00231000,6263.33000000
6263.33,6263.34,7259276080,10/31/2018 04:45:52,sell,0.15440963,6263.34000000
6263.33,6263.34,7259276326,10/31/2018 04:45:53,sell,0.00373489,6263.34000000
6263.33,6263.34,7259277390,10/31/2018 04:46:02,sell,0.00794324,6263.34000000
6263.33,6263.34,7259277919,10/31/2018 04:46:11,buy,0.00231000,6263.33000000
6263.33,6263.34,7259279259,10/31/2018 04:46:24,sell,0.02673537,6263.34000000
6263.33,6263.34,7259279266,10/31/2018 04:46:25,buy,0.01038000,6263.33000000
6263.33,6263.34,7259279268,10/31/2018 04:46:25,buy,0.01852226,6263.33000000
6263.33,6263.34,7259279489,10/31/2018 04:46:29,sell,0.01000000,6263.33000000
6263.32,6263.33,7259279491,10/31/2018 04:46:29,sell,0.02055449,6263.33000000
6263.32,6263.33,7259279496,10/31/2018 04:46:30,sell,0.00107393,6263.33000000
6263.32,6263.33,7259279510,10/31/2018 04:46:31,sell,0.00667391,6263.33000000
6263.32,6263.33,7259279518,10/31/2018 04:46:31,buy,0.00231000,6263.32000000
6263.32,6263.33,7259280165,10/31/2018 04:46:45,sell,0.00810371,6263.33000000
6263.32,6263.33,7259280345,10/31/2018 04:46:51,buy,0.00150000,6263.32000000
6263.32,6263.33,7259280364,10/31/2018 04:46:52,sell,0.00444981,6263.33000000
6263.32,6263.33,7259280739,10/31/2018 04:46:58,buy,0.30000000,6263.29000000
6263.29,6263.3,7259280741,10/31/2018 04:46:58,buy,0.69710237,6263.29000000
6263.29,6263.3,7259280794,10/31/2018 04:46:59,sell,0.00683279,6263.30000000
6263.29,6263.3,7259280837,10/31/2018 04:47:00,sell,0.00316721,6263.30000000
6263.29,6263.3,7259280839,10/31/2018 04:47:00,sell,0.00943279,6263.30000000
6263.29,6263.3,7259281107,10/31/2018 04:47:06,sell,0.01000000,6263.30000000
6263.29,6263.3,7259281109,10/31/2018 04:47:06,sell,0.00833313,6263.30000000
6263.29,6263.3,7259281266,10/31/2018 04:47:07,sell,0.00143138,6263.30000000
6263.29,6263.3,7259281345,10/31/2018 04:47:11,sell,0.01527647,6263.30000000
6263.29,6263.3,7259281349,10/31/2018 04:47:11,buy,0.00231000,6263.29000000
6263.29,6263.3,7259281375,10/31/2018 04:47:11,buy,0.03740000,6263.29000000
6263.29,6263.3,7259281487,10/31/2018 04:47:14,buy,0.10734962,6263.29000000
6263.29,6263.3,7259281620,10/31/2018 04:47:16,sell,0.02315000,6263.30000000
6263.29,6263.3,7259281622,10/31/2018 04:47:16,sell,0.00814802,6263.30000000
6263.29,6263.3,7259281947,10/31/2018 04:47:20,sell,0.01588659,6263.97000000
6263.96,6263.97,7259281978,10/31/2018 04:47:20,sell,0.00373494,6263.97000000
6263.96,6263.97,7259282008,10/31/2018 04:47:22,buy,0.03979229,6263.96000000
6263.96,6263.97,7259282058,10/31/2018 04:47:23,sell,0.01335080,6263.97000000
6263.96,6263.97,7259282060,10/31/2018 04:47:23,sell,0.00100000,6263.97000000
6263.96,6263.97,7259282062,10/31/2018 04:47:23,sell,0.00106078,6264.59000000
6263.96,6264.59,7259282306,10/31/2018 04:47:27,sell,0.00294061,6264.59000000
6264.58,6264.59,7259282312,10/31/2018 04:47:27,buy,0.00924383,6264.58000000
6264.58,6264.59,7259282500,10/31/2018 04:47:31,sell,0.00140667,6264.59000000
6264.58,6264.59,7259282502,10/31/2018 04:47:31,sell,0.00887435,6264.59000000
6264.58,6264.59,7259282507,10/31/2018 04:47:31,sell,0.00603785,6264.59000000
6264.58,6264.59,7259283340,10/31/2018 04:47:42,sell,0.02204135,6264.59000000
6264.58,6264.59,7259284062,10/31/2018 04:47:52,sell,0.00330000,6264.59000000
6264.58,6264.59,7259284225,10/31/2018 04:47:59,sell,0.01527340,6264.59000000
6264.58,6264.59,7259284275,10/31/2018 04:48:00,buy,0.00108771,6264.58000000
6264.58,6264.59,7259284283,10/31/2018 04:48:00,sell,0.00787660,6264.59000000
6264.58,6265.03,7259284285,10/31/2018 04:48:00,sell,0.00100000,6265.03000000
6264.58,6265.03,7259284287,10/31/2018 04:48:00,sell,0.00311213,6265.16000000
6264.58,6265.16,7259284336,10/31/2018 04:48:01,sell,0.00794166,6265.16000000
6265.15,6265.16,7259284473,10/31/2018 04:48:03,sell,0.00214584,6265.16000000
6265.15,6265.16,7259284879,10/31/2018 04:48:14,sell,0.01328678,6265.16000000
6265.15,6265.16,7259285011,10/31/2018 04:48:18,sell,0.02414204,6265.16000000
6265.15,6265.16,7259285223,10/31/2018 04:48:28,sell,0.01064244,6265.16000000
6265.15,6265.16,7259285228,10/31/2018 04:48:29,sell,0.03872911,6265.16000000
6265.15,6265.16,7259285230,10/31/2018 04:48:29,sell,0.02236052,6265.16000000
6265.15,6265.16,7259285241,10/31/2018 04:48:29,buy,0.01379570,6265.15000000
6265.15,6265.16,7259285267,10/31/2018 04:48:30,sell,0.00078948,6265.16000000
6265.15,6265.16,7259285269,10/31/2018 04:48:30,sell,0.03433805,6265.16000000
6265.15,6265.16,7259285415,10/31/2018 04:48:31,buy,0.02315000,6265.47000000
6265.47,6265.48,7259285778,10/31/2018 04:48:38,sell,0.00100000,6265.48000000
6265.47,6265.62,7259285780,10/31/2018 04:48:38,sell,0.00100000,6265.62000000
6265.47,6265.62,7259285782,10/31/2018 04:48:38,sell,0.00100000,6265.77000000
6265.47,6265.62,7259285784,10/31/2018 04:48:38,sell,0.00100000,6266.08000000
6265.47,6265.62,7259285786,10/31/2018 04:48:38,sell,0.00100000,6266.16000000
6265.47,6265.62,7259285788,10/31/2018 04:48:38,sell,0.22967940,6266.48000000
6265.47,6266.48,7259287150,10/31/2018 04:48:43,sell,0.00793963,6266.12000000
6265.68,6266.12,7259289668,10/31/2018 04:48:48,sell,0.01540435,6265.78000000
6265.53,6265.78,7259291051,10/31/2018 04:48:56,sell,0.00555876,6265.04000000
6265.03,6265.04,7259291054,10/31/2018 04:48:56,sell,0.01527230,6265.04000000
6265.03,6265.04,7259291090,10/31/2018 04:48:56,sell,0.03652584,6265.04000000
6265.03,6265.04,7259291149,10/31/2018 04:48:58,buy,0.00100000,6265.03000000
6265.03,6265.04,7259291151,10/31/2018 04:48:58,buy,0.21884704,6265.03000000
6265.03,6265.04,7259291153,10/31/2018 04:48:58,buy,0.04893694,6265.03000000
6265.03,6265.04,7259291538,10/31/2018 04:49:10,sell,0.00762503,6265.04000000
6265.03,6265.04,7259291678,10/31/2018 04:49:11,buy,0.00231000,6265.47000000
6265.47,6265.48,7259291707,10/31/2018 04:49:12,buy,0.02315000,6265.47000000
6265.47,6265.48,7259291809,10/31/2018 04:49:13,sell,0.00100000,6265.48000000
6265.47,6265.48,7259291811,10/31/2018 04:49:13,sell,0.01000000,6266.42000000
6265.47,6265.48,7259291813,10/31/2018 04:49:13,sell,0.00100000,6266.47000000
6265.47,6265.48,7259291815,10/31/2018 04:49:13,sell,0.11710465,6266.47000000
6265.47,6266.47,7259292387,10/31/2018 04:49:18,sell,0.00373323,6265.48000000
6265.47,6265.48,7259292461,10/31/2018 04:49:20,buy,0.01227064,6265.47000000
6265.47,6265.48,7259292542,10/31/2018 04:49:22,sell,0.00419086,6265.48000000
6265.47,6265.48,7259292582,10/31/2018 04:49:23,sell,0.03128258,6265.48000000
6265.47,6265.48,7259292662,10/31/2018 04:49:25,buy,0.13940000,6265.47000000
6265.47,6265.48,7259293182,10/31/2018 04:49:26,sell,0.01064045,6265.67000000
6265.66,6265.67,7259293263,10/31/2018 04:49:27,sell,0.00373364,6265.67000000
6265.66,6265.67,7259293529,10/31/2018 04:49:32,sell,1.09520401,6265.67000000
6265.66,6265.67,7259293884,10/31/2018 04:49:35,sell,0.00762427,6265.67000000
6265.66,6265.67,7259295529,10/31/2018 04:49:47,buy,0.00100000,6265.66000000
6265.66,6265.67,7259295531,10/31/2018 04:49:47,buy,0.01445421,6265.66000000
6265.04,6265.67,7259295533,10/31/2018 04:49:47,buy,0.00980915,6265.04000000
6265.04,6265.67,7259295657,10/31/2018 04:49:47,buy,0.02676791,6265.04000000
6265.04,6265.05,7259296491,10/31/2018 04:49:50,sell,0.00166905,6265.04000000
6265.03,6265.04,7259296605,10/31/2018 04:49:51,buy,0.00155000,6265.03000000
6265.03,6265.04,7259297381,10/31/2018 04:50:06,sell,0.00293979,6265.04000000
6265.03,6265.04,7259298239,10/31/2018 04:50:11,buy,0.00100000,6265.03000000
6265.03,6265.04,7259298241,10/31/2018 04:50:11,buy,0.00131000,6265.03000000
6265.03,6265.04,7259298378,10/31/2018 04:50:12,sell,0.01527230,6265.04000000
6265.03,6265.04,7259298618,10/31/2018 04:50:14,sell,0.00914802,6265.04000000
6265.03,6265.04,7259298840,10/31/2018 04:50:16,sell,0.00309861,6265.04000000
6265.03,6265.04,7259298977,10/31/2018 04:50:18,sell,0.00317802,6265.04000000
6265.03,6265.04,7259299299,10/31/2018 04:50:23,sell,0.02811305,6265.04000000
6265.03,6265.04,7259299687,10/31/2018 04:50:31,buy,0.00231000,6265.03000000
6265.03,6265.04,7259299810,10/31/2018 04:50:34,sell,0.00826032,6265.04000000
6265.03,6265.04,7259299918,10/31/2018 04:50:36,sell,0.92832084,6265.04000000
6265.03,6265.04,7259299920,10/31/2018 04:50:36,sell,0.17278327,6265.04000000
6265.03,6265.04,7259300452,10/31/2018 04:50:43,sell,0.09163700,6265.04000000
6265.03,6265.04,7259300824,10/31/2018 04:50:48,sell,0.00309861,6265.04000000
6265.03,6265.04,7259300983,10/31/2018 04:50:52,buy,0.00231000,6265.03000000
6265.03,6265.04,7259300991,10/31/2018 04:50:52,sell,0.11454545,6265.04000000
6265.03,6265.04,7259301004,10/31/2018 04:50:52,sell,0.00794109,6265.04000000
6265.03,6265.04,7259301009,10/31/2018 04:50:52,sell,0.00154851,6265.04000000
6265.03,6265.04,7259301198,10/31/2018 04:50:56,buy,0.00585735,6265.03000000
6265.03,6265.04,7259301515,10/31/2018 04:51:00,sell,0.02021325,6265.04000000
6265.03,6265.04,7259302070,10/31/2018 04:51:11,buy,0.00231000,6265.03000000
6265.03,6265.04,7259302190,10/31/2018 04:51:13,sell,0.01588377,6265.04000000
6265.03,6265.04,7259302678,10/31/2018 04:51:21,sell,0.00726623,6265.04000000
6265.03,6265.04,7259302680,10/31/2018 04:51:21,sell,0.00337642,6265.04000000
6265.03,6265.04,7259303444,10/31/2018 04:51:31,buy,0.14156340,6265.03000000
6265.03,6265.04,7259303446,10/31/2018 04:51:31,buy,0.01713660,6265.03000000
6265.03,6265.04,7259303671,10/31/2018 04:51:38,sell,0.06087639,6265.04000000
6265.03,6265.04,7259303890,10/31/2018 04:51:42,sell,0.00520348,6265.04000000
6265.03,6265.04,7259304410,10/31/2018 04:51:48,sell,0.03360034,6265.04000000
6265.03,6265.04,7259304419,10/31/2018 04:51:49,sell,0.00143098,6265.04000000
6265.03,6265.04,7259304488,10/31/2018 04:51:51,sell,0.03960063,6265.04000000
6265.03,6265.04,7259304491,10/31/2018 04:51:51,buy,0.00231000,6265.03000000
6265.03,6265.04,7259304565,10/31/2018 04:52:00,sell,0.04694772,6265.04000000
6265.03,6265.04,7259304912,10/31/2018 04:52:07,sell,0.00635446,6265.04000000
6265.03,6265.04,7259305067,10/31/2018 04:52:11,buy,0.00231000,6265.03000000
6265.03,6265.04,7259305432,10/31/2018 04:52:18,sell,0.00826032,6265.04000000
6265.03,6265.04,7259306147,10/31/2018 04:52:20,sell,0.02214611,6265.04000000
6265.03,6265.04,7259307947,10/31/2018 04:52:31,buy,0.00231000,6265.03000000
6265.03,6265.04,7259308109,10/31/2018 04:52:37,sell,0.00984854,6265.04000000
6265.03,6265.04,7259308241,10/31/2018 04:52:37,sell,0.00524271,6265.04000000
6265.03,6265.04,7259309700,10/31/2018 04:52:50,sell,0.02255428,6265.04000000
6265.03,6265.04,7259309712,10/31/2018 04:52:51,buy,0.00231000,6265.03000000
6265.03,6265.04,7259309797,10/31/2018 04:52:54,buy,0.00103632,6265.03000000
6265.03,6265.04,7259309844,10/31/2018 04:52:56,sell,0.01527230,6265.04000000
6265.03,6265.04,7259309940,10/31/2018 04:53:03,sell,0.00101356,6265.04000000
6265.03,6265.04,7259310152,10/31/2018 04:53:11,buy,0.00231000,6265.03000000
6265.03,6265.04,7259310175,10/31/2018 04:53:11,buy,0.00159700,6265.03000000
6265.03,6265.04,7259310197,10/31/2018 04:53:13,sell,0.03912257,6265.04000000
6265.03,6265.04,7259310253,10/31/2018 04:53:20,sell,0.03054620,6265.04000000
6265.03,6265.04,7259310266,10/31/2018 04:53:22,sell,0.01432573,6265.04000000
6265.03,6265.04,7259310517,10/31/2018 04:53:31,buy,0.00231000,6265.03000000
6265.03,6265.04,7259310549,10/31/2018 04:53:33,buy,0.00627412,6265.03000000
6265.03,6265.04,7259310551,10/31/2018 04:53:33,buy,0.10000000,6265.03000000
6265.03,6265.04,7259310553,10/31/2018 04:53:33,buy,0.60246010,6265.03000000
6265.03,6265.04,7259310663,10/31/2018 04:53:38,sell,0.00373390,6265.04000000
6265.03,6265.04,7259310782,10/31/2018 04:53:45,sell,0.00373390,6265.04000000
6265.03,6265.04,7259311266,10/31/2018 04:53:51,buy,0.00100000,6264.63000000
6264.59,6264.64,7259311480,10/31/2018 04:53:55,buy,0.00100000,6264.59000000
6264.09,6264.6,7259311482,10/31/2018 04:53:55,buy,0.00100000,6264.09000000
6264.09,6264.6,7259311484,10/31/2018 04:53:55,buy,0.00100000,6263.78000000
6264.09,6264.6,7259311486,10/31/2018 04:53:55,buy,0.00903137,6263.03000000
6263.03,6264.6,7259311698,10/31/2018 04:53:58,buy,0.00596863,6263.03000000
6263.03,6263.04,7259311700,10/31/2018 04:53:58,buy,0.02393137,6263.03000000
6263.03,6263.04,7259312274,10/31/2018 04:54:11,buy,0.00231000,6263.03000000
6263.03,6263.04,7259312310,10/31/2018 04:54:12,buy,0.02989992,6263.03000000
6263.03,6263.04,7259312775,10/31/2018 04:54:17,sell,0.00762747,6263.04000000
6263.03,6263.04,7259312897,10/31/2018 04:54:27,sell,0.01588725,6263.04000000
6263.03,6263.04,7259312903,10/31/2018 04:54:27,buy,0.01642699,6263.03000000
6263.03,6263.04,7259312945,10/31/2018 04:54:30,buy,0.00231000,6263.03000000
6263.03,6263.04,7259313456,10/31/2018 04:54:38,sell,0.00119472,6263.04000000
6263.03,6263.04,7259313537,10/31/2018 04:54:39,sell,0.01527718,6263.04000000
6263.03,6263.04,7259313769,10/31/2018 04:54:42,sell,0.07638908,6263.04000000
6263.03,6263.04,7259314454,10/31/2018 04:54:50,sell,0.01604136,6263.04000000
6263.03,6263.04,7259314467,10/31/2018 04:54:51,buy,0.00231000,6263.03000000
6263.03,6263.04,7259314700,10/31/2018 04:54:55,buy,0.00344654,6263.03000000
6263.03,6263.04,7259315095,10/31/2018 04:54:58,sell,0.00865873,6263.04000000
6263.03,6263.04,7259315136,10/31/2018 04:54:59,sell,0.00214637,6263.04000000
6263.03,6263.04,7259315148,10/31/2018 04:55:00,sell,0.01527718,6263.04000000
6263.03,6263.04,7259315830,10/31/2018 04:55:11,buy,0.00231000,6263.03000000
6263.03,6263.04,7259316037,10/31/2018 04:55:15,sell,0.00762747,6263.04000000
6263.03,6263.04,7259316063,10/31/2018 04:55:16,sell,0.01572997,6263.04000000
6263.03,6263.04,7259316274,10/31/2018 04:55:18,sell,0.01938403,6263.04000000
6263.03,6263.04,7259316391,10/31/2018 04:55:24,buy,0.00102628,6263.03000000
6263.03,6263.04,7259317090,10/31/2018 04:55:31,buy,0.00231000,6263.03000000
6263.03,6263.04,7259317475,10/31/2018 04:55:34,sell,0.02309569,6263.04000000
6263.03,6263.04,7259317525,10/31/2018 04:55:36,sell,0.00762747,6263.04000000
6263.03,6263.04,7259318441,10/31/2018 04:55:43,sell,0.00413227,6263.04000000
6263.03,6263.04,7259318513,10/31/2018 04:55:43,sell,0.00762747,6263.04000000
6263.03,6263.04,7259318633,10/31/2018 04:55:44,buy,0.00352553,6263.03000000
6263.03,6263.04,7259318635,10/31/2018 04:55:44,buy,0.02023138,6263.03000000
6263.03,6263.04,7259319938,10/31/2018 04:55:51,buy,0.00231000,6263.03000000
6263.03,6263.04,7259320551,10/31/2018 04:55:54,sell,0.01433030,6263.04000000
6263.03,6263.04,7259321483,10/31/2018 04:56:01,buy,0.07410000,6263.03000000
6263.03,6263.04,7259321796,10/31/2018 04:56:03,sell,0.00294073,6263.04000000
6263.03,6263.04,7259322485,10/31/2018 04:56:07,sell,0.03055595,6263.04000000
6263.03,6263.04,7259322712,10/31/2018 04:56:11,sell,1.30544931,6263.04000000
6263.03,6263.04,7259322714,10/31/2018 04:56:11,sell,0.00100000,6263.04000000
6263.03,6263.04,7259322716,10/31/2018 04:56:11,sell,0.02315000,6263.04000000
6263.03,6263.04,7259322718,10/31/2018 04:56:11,sell,0.88440069,6263.04000000
6263.03,6263.04,7259322774,10/31/2018 04:56:11,buy,0.00231000,6263.03000000
6263.03,6263.04,7259324299,10/31/2018 04:56:23,sell,0.00603874,6263.04000000
6263.03,6263.04,7259324406,10/31/2018 04:56:24,sell,0.00762747,6263.04000000
6263.03,6263.04,7259324559,10/31/2018 04:56:25,buy,0.00210000,6263.03000000
6263.03,6263.04,7259324877,10/31/2018 04:56:30,sell,0.00391303,6263.04000000
6263.03,6263.04,7259325112,10/31/2018 04:56:40,sell,0.00100000,6263.04000000
6263.03,6263.04,7259325114,10/31/2018 04:56:40,sell,0.01305545,6263.04000000
6263.03,6263.04,7259325195,10/31/2018 04:56:45,sell,0.01294455,6263.04000000
6263.03,6263.04,7259325197,10/31/2018 04:56:45,sell,0.00246767,6263.04000000
6263.03,6263.04,7259325282,10/31/2018 04:56:47,sell,0.00753233,6263.04000000
6263.03,6263.04,7259325284,10/31/2018 04:56:47,sell,0.05508409,6263.04000000
6263.03,6263.04,7259325341,10/31/2018 04:56:48,sell,0.02291577,6263.04000000
6263.03,6263.04,7259325461,10/31/2018 04:56:50,sell,0.00373509,6263.04000000
6263.03,6263.04,7259325482,10/31/2018 04:56:50,buy,0.12854568,6263.03000000
6263.03,6263.04,7259325519,10/31/2018 04:56:51,sell,0.00540313,6263.04000000
6263.03,6263.04,7259325534,10/31/2018 04:56:51,buy,0.00231000,6263.03000000
6263.03,6263.04,7259325585,10/31/2018 04:56:52,buy,0.01527669,6263.03000000
6263.03,6263.04,7259325634,10/31/2018 04:56:53,sell,0.01527718,6263.04000000
6263.03,6263.04,7259325701,10/31/2018 04:56:54,sell,0.09090208,6263.04000000
6263.03,6263.04,7259325774,10/31/2018 04:56:55,sell,0.00300000,6263.04000000
6263.03,6263.04,7259325799,10/31/2018 04:56:56,sell,0.00778634,6263.04000000
6263.03,6263.04,7259325816,10/31/2018 04:56:57,sell,0.06089583,6263.04000000
6263.03,6263.04,7259325941,10/31/2018 04:57:02,sell,0.01909648,6263.04000000
6263.03,6263.04,7259326057,10/31/2018 04:57:08,sell,0.01433030,6263.04000000
6263.03,6263.04,7259326073,10/31/2018 04:57:09,sell,0.03055595,6263.04000000
6263.03,6263.04,7259326228,10/31/2018 04:57:11,buy,0.00231000,6263.03000000
6263.03,6263.04,7259326402,10/31/2018 04:57:15,sell,0.05000000,6263.04000000
6263.03,6263.04,7259326654,10/31/2018 04:57:21,sell,0.00143144,6263.04000000
6263.03,6263.04,7259326677,10/31/2018 04:57:21,sell,0.00905732,6263.04000000
6263.03,6263.04,7259326992,10/31/2018 04:57:27,sell,0.03971813,6263.04000000
6263.03,6263.04,7259327151,10/31/2018 04:57:31,buy,0.00231000,6263.03000000
6263.03,6263.04,7259327255,10/31/2018 04:57:33,sell,0.15357888,6263.04000000
6263.03,6263.04,7259327658,10/31/2018 04:57:39,sell,0.00842183,6263.04000000
6263.03,6263.04,7259328047,10/31/2018 04:57:48,sell,0.00762747,6263.04000000
6263.03,6263.04,7259328214,10/31/2018 04:57:51,buy,0.00231000,6263.03000000
6263.03,6263.04,7259328573,10/31/2018 04:57:55,buy,0.03079200,6263.03000000
6263.03,6263.04,7259328999,10/31/2018 04:58:04,sell,0.00159189,6263.04000000
6263.03,6263.04,7259329025,10/31/2018 04:58:05,sell,0.00642798,6263.04000000
6263.03,6263.04,7259329156,10/31/2018 04:58:11,buy,0.00231000,6263.03000000
6263.03,6263.04,7259329352,10/31/2018 04:58:18,buy,0.02178348,6263.03000000
6263.03,6263.04,7259329412,10/31/2018 04:58:20,sell,0.07638908,6263.04000000
6263.03,6263.04,7259329418,10/31/2018 04:58:20,sell,0.01604136,6263.04000000
6263.03,6263.04,7259329443,10/31/2018 04:58:22,sell,0.04965243,6263.04000000
6263.03,6263.04,7259329489,10/31/2018 04:58:24,sell,0.00786838,6263.04000000
6263.03,6263.04,7259329597,10/31/2018 04:58:29,buy,0.00370000,6263.03000000
6263.03,6263.04,7259329622,10/31/2018 04:58:31,buy,0.00231000,6263.03000000
6263.03,6263.04,7259329666,10/31/2018 04:58:32,sell,0.03181581,6263.04000000
6263.03,6263.04,7259329715,10/31/2018 04:58:35,buy,0.08001168,6263.03000000
6263.03,6263.04,7259329746,10/31/2018 04:58:37,sell,0.00159189,6263.04000000
6263.03,6263.04,7259329811,10/31/2018 04:58:38,sell,0.00127257,6263.04000000
6263.03,6263.04,7259329845,10/31/2018 04:58:40,sell,0.01144041,6263.04000000
6263.03,6263.04,7259330307,10/31/2018 04:58:51,buy,0.00231000,6263.03000000
6263.03,6263.04,7259330656,10/31/2018 04:59:02,sell,0.12690259,6263.04000000
6263.03,6263.04,7259330786,10/31/2018 04:59:10,buy,0.00334073,6263.03000000
6263.03,6263.04,7259330795,10/31/2018 04:59:10,sell,0.66718830,6263.04000000
6263.03,6263.04,7259330797,10/31/2018 04:59:10,sell,0.02315000,6263.04000000
6263.03,6263.04,7259330799,10/31/2018 04:59:10,sell,0.16000000,6263.04000000
6263.03,6263.04,7259330801,10/31/2018 04:59:10,sell,0.01510716,6263.04000000
6263.03,6263.04,7259330803,10/31/2018 04:59:10,sell,0.68255454,6263.04000000
6263.03,6263.04,7259330817,10/31/2018 04:59:10,buy,0.00231000,6263.03000000
6263.03,6263.04,7259330830,10/31/2018 04:59:11,sell,0.02153199,6263.04000000
6263.03,6263.04,7259331572,10/31/2018 04:59:14,sell,0.00100000,6263.47000000
6263.46,6263.47,7259331574,10/31/2018 04:59:14,sell,0.01504136,6263.47000000
6263.46,6263.47,7259331985,10/31/2018 04:59:17,buy,0.39899958,6264.48000000
6264.48,6264.49,7259332374,10/31/2018 04:59:23,buy,0.00205547,6264.48000000
6264.48,6264.49,7259332423,10/31/2018 04:59:27,buy,0.01532485,6264.48000000
6264.48,6264.49,7259332444,10/31/2018 04:59:29,buy,0.18504848,6264.48000000
6264.48,6264.49,7259332485,10/31/2018 04:59:30,sell,0.03129223,6264.49000000
6264.48,6264.49,7259332707,10/31/2018 04:59:37,sell,0.03818570,6264.49000000
6264.48,6264.49,7259332861,10/31/2018 04:59:38,sell,0.03054888,6264.49000000
6264.48,6264.49,7259333190,10/31/2018 04:59:42,sell,0.00300000,6264.49000000
6264.48,6264.49,7259333307,10/31/2018 04:59:43,sell,0.01223194,6264.49000000
6264.48,6264.49,7259333475,10/31/2018 04:59:45,sell,0.00762747,6264.49000000
6264.48,6264.49,7259333871,10/31/2018 04:59:51,buy,0.00231000,6264.48000000
6264.48,6264.49,7259334156,10/31/2018 04:59:54,sell,0.00341656,6264.49000000
6264.48,6264.49,7259334564,10/31/2018 04:59:58,sell,0.02206863,6264.49000000
6264.48,6264.49,7259334924,10/31/2018 05:00:01,sell,0.07637140,6264.49000000
6264.48,6264.49,7259335183,10/31/2018 05:00:02,buy,0.01410824,6264.48000000
6264.48,6264.49,7259335185,10/31/2018 05:00:02,buy,0.00100000,6264.48000000
6264.48,6264.49,7259335187,10/31/2018 05:00:02,buy,0.07826338,6264.48000000
6264.48,6264.49,7259335204,10/31/2018 05:00:03,sell,0.00795762,6264.49000000
6264.48,6264.49,7259335222,10/31/2018 05:00:03,buy,0.14379000,6264.48000000
6264.48,6264.49,7259336531,10/31/2018 05:00:12,sell,0.00930642,6264.49000000
6264.48,6264.49,7259336553,10/31/2018 05:00:12,buy,0.00231000,6264.48000000
6264.48,6264.49,7259336905,10/31/2018 05:00:14,sell,0.00341656,6264.49000000
6264.48,6264.49,7259338041,10/31/2018 05:00:22,buy,0.00497661,6264.48000000
6264.48,6264.49,7259339221,10/31/2018 05:00:30,buy,0.08530000,6264.48000000
6264.48,6264.49,7259339321,10/31/2018 05:00:31,buy,0.00231000,6264.48000000
6264.48,6264.49,7259340627,10/31/2018 05:00:43,sell,0.01858537,6264.49000000
6264.48,6264.49,7259340818,10/31/2018 05:00:44,sell,0.15274121,6264.49000000
6264.48,6264.49,7259342295,10/31/2018 05:00:51,buy,0.00231000,6264.48000000
6264.48,6264.49,7259342377,10/31/2018 05:00:52,sell,0.02443847,6264.49000000
6264.48,6264.49,7259342429,10/31/2018 05:00:53,sell,1.15581154,6264.49000000
6264.48,6264.49,7259342431,10/31/2018 05:00:53,sell,0.00229916,6264.49000000
6264.48,6264.49,7259342433,10/31/2018 05:00:53,sell,0.02315000,6264.49000000
6264.48,6264.49,7259342435,10/31/2018 05:00:53,sell,0.00239445,6264.49000000
6264.48,6264.49,7259342437,10/31/2018 05:00:53,sell,1.00736891,6264.49000000
6264.48,6264.49,7259342649,10/31/2018 05:00:58,sell,0.00325772,6264.49000000
6264.48,6264.49,7259343053,10/31/2018 05:01:11,sell,0.00100000,6264.93000000
6264.92,6264.93,7259343055,10/31/2018 05:01:11,sell,0.00043111,6264.93000000
6264.92,6264.93,7259343331,10/31/2018 05:01:21,sell,0.02315000,6264.93000000
